%YAML 1.1
%TAG !u! tag:unity3d.com,2011:
--- !u!1 &4870870075499616732
GameObject:
  m_ObjectHideFlags: 0
  m_CorrespondingSourceObject: {fileID: 0}
  m_PrefabInstance: {fileID: 0}
  m_PrefabAsset: {fileID: 0}
  serializedVersion: 6
  m_Component:
  - component: {fileID: 5247571157888811878}
  - component: {fileID: 9186434764217994435}
  - component: {fileID: 6383908507759130633}
  - component: {fileID: 66100845746833636}
  m_Layer: 0
  m_Name: Pallets with boxes
  m_TagString: Untagged
  m_Icon: {fileID: 0}
  m_NavMeshLayer: 0
  m_StaticEditorFlags: 0
  m_IsActive: 1
--- !u!4 &5247571157888811878
Transform:
  m_ObjectHideFlags: 0
  m_CorrespondingSourceObject: {fileID: 0}
  m_PrefabInstance: {fileID: 0}
  m_PrefabAsset: {fileID: 0}
  m_GameObject: {fileID: 4870870075499616732}
  m_LocalRotation: {x: -0, y: -0, z: -0, w: 1}
  m_LocalPosition: {x: -72.752266, y: 0.70807517, z: 40.825516}
  m_LocalScale: {x: 1, y: 0.125, z: 1}
  m_Children:
  - {fileID: 2713799270201960207}
  - {fileID: 380111094368078798}
  m_Father: {fileID: 0}
  m_RootOrder: 0
  m_LocalEulerAnglesHint: {x: 0, y: 0, z: 0}
--- !u!33 &9186434764217994435
MeshFilter:
  m_ObjectHideFlags: 0
  m_CorrespondingSourceObject: {fileID: 0}
  m_PrefabInstance: {fileID: 0}
  m_PrefabAsset: {fileID: 0}
  m_GameObject: {fileID: 4870870075499616732}
  m_Mesh: {fileID: -5495902117074765545, guid: 4da67bdf13c99df47921c98266a34429, type: 3}
--- !u!23 &6383908507759130633
MeshRenderer:
  m_ObjectHideFlags: 0
  m_CorrespondingSourceObject: {fileID: 0}
  m_PrefabInstance: {fileID: 0}
  m_PrefabAsset: {fileID: 0}
  m_GameObject: {fileID: 4870870075499616732}
  m_Enabled: 1
  m_CastShadows: 1
  m_ReceiveShadows: 1
  m_DynamicOccludee: 1
  m_MotionVectors: 1
  m_LightProbeUsage: 1
  m_ReflectionProbeUsage: 1
  m_RayTracingMode: 2
  m_RenderingLayerMask: 1
  m_RendererPriority: 0
  m_Materials:
  - {fileID: 2100000, guid: 19c12f46990d8124fb4af74b32d1ef4a, type: 2}
  m_StaticBatchInfo:
    firstSubMesh: 0
    subMeshCount: 0
  m_StaticBatchRoot: {fileID: 0}
  m_ProbeAnchor: {fileID: 0}
  m_LightProbeVolumeOverride: {fileID: 0}
  m_ScaleInLightmap: 1
  m_ReceiveGI: 1
  m_PreserveUVs: 0
  m_IgnoreNormalsForChartDetection: 0
  m_ImportantGI: 0
  m_StitchLightmapSeams: 1
  m_SelectedEditorRenderState: 3
  m_MinimumChartSize: 4
  m_AutoUVMaxDistance: 0.5
  m_AutoUVMaxAngle: 89
  m_LightmapParameters: {fileID: 0}
  m_SortingLayerID: 0
  m_SortingLayer: 0
  m_SortingOrder: 0
--- !u!65 &66100845746833636
BoxCollider:
  m_ObjectHideFlags: 0
  m_CorrespondingSourceObject: {fileID: 0}
  m_PrefabInstance: {fileID: 0}
  m_PrefabAsset: {fileID: 0}
  m_GameObject: {fileID: 4870870075499616732}
  m_Material: {fileID: 0}
  m_IsTrigger: 0
  m_Enabled: 1
  serializedVersion: 2
  m_Size: {x: 2, y: 15.21, z: 2}
  m_Center: {x: 0, y: 6.4, z: 0.000000059604645}
--- !u!1001 &201769711229463589
PrefabInstance:
  m_ObjectHideFlags: 0
  serializedVersion: 2
  m_Modification:
    m_TransformParent: {fileID: 5247571157888811878}
    m_Modifications:
    - target: {fileID: -8679921383154817045, guid: d222d1bba0474164199bca296d669b36,
        type: 3}
      propertyPath: m_LocalPosition.x
      value: -0.5695801
      objectReference: {fileID: 0}
    - target: {fileID: -8679921383154817045, guid: d222d1bba0474164199bca296d669b36,
        type: 3}
      propertyPath: m_LocalPosition.y
      value: 0.8153987
      objectReference: {fileID: 0}
    - target: {fileID: -8679921383154817045, guid: d222d1bba0474164199bca296d669b36,
        type: 3}
      propertyPath: m_LocalPosition.z
      value: 0.5179672
      objectReference: {fileID: 0}
    - target: {fileID: -8679921383154817045, guid: d222d1bba0474164199bca296d669b36,
        type: 3}
      propertyPath: m_LocalRotation.x
      value: -0
      objectReference: {fileID: 0}
    - target: {fileID: -8679921383154817045, guid: d222d1bba0474164199bca296d669b36,
        type: 3}
      propertyPath: m_LocalRotation.y
      value: 0.9989504
      objectReference: {fileID: 0}
    - target: {fileID: -8679921383154817045, guid: d222d1bba0474164199bca296d669b36,
        type: 3}
      propertyPath: m_LocalRotation.z
      value: -0
      objectReference: {fileID: 0}
    - target: {fileID: -8679921383154817045, guid: d222d1bba0474164199bca296d669b36,
        type: 3}
      propertyPath: m_LocalRotation.w
      value: -0.045806542
      objectReference: {fileID: 0}
    - target: {fileID: -8679921383154817045, guid: d222d1bba0474164199bca296d669b36,
        type: 3}
      propertyPath: m_RootOrder
      value: 1
      objectReference: {fileID: 0}
    - target: {fileID: -8679921383154817045, guid: d222d1bba0474164199bca296d669b36,
        type: 3}
      propertyPath: m_LocalEulerAnglesHint.x
      value: 0
      objectReference: {fileID: 0}
    - target: {fileID: -8679921383154817045, guid: d222d1bba0474164199bca296d669b36,
        type: 3}
      propertyPath: m_LocalEulerAnglesHint.y
      value: 185.25099
      objectReference: {fileID: 0}
    - target: {fileID: -8679921383154817045, guid: d222d1bba0474164199bca296d669b36,
        type: 3}
      propertyPath: m_LocalEulerAnglesHint.z
      value: 0
      objectReference: {fileID: 0}
    - target: {fileID: -8679921383154817045, guid: d222d1bba0474164199bca296d669b36,
        type: 3}
      propertyPath: m_LocalScale.x
      value: 0.7
      objectReference: {fileID: 0}
    - target: {fileID: -8679921383154817045, guid: d222d1bba0474164199bca296d669b36,
        type: 3}
      propertyPath: m_LocalScale.y
      value: 5.6
      objectReference: {fileID: 0}
    - target: {fileID: -8679921383154817045, guid: d222d1bba0474164199bca296d669b36,
        type: 3}
      propertyPath: m_LocalScale.z
      value: 0.7
      objectReference: {fileID: 0}
    - target: {fileID: -3580892024755811894, guid: d222d1bba0474164199bca296d669b36,
        type: 3}
      propertyPath: m_Materials.Array.data[1]
      value: 
      objectReference: {fileID: 2100000, guid: d00656c470757e542afc462dbd447892, type: 2}
    - target: {fileID: 919132149155446097, guid: d222d1bba0474164199bca296d669b36,
        type: 3}
      propertyPath: m_Name
      value: wooden_box (1)
      objectReference: {fileID: 0}
    - target: {fileID: 7358743226854727029, guid: d222d1bba0474164199bca296d669b36,
        type: 3}
      propertyPath: m_Materials.Array.data[1]
      value: 
      objectReference: {fileID: 2100000, guid: d00656c470757e542afc462dbd447892, type: 2}
    m_RemovedComponents: []
  m_SourcePrefab: {fileID: 100100000, guid: d222d1bba0474164199bca296d669b36, type: 3}
--- !u!4 &380111094368078798 stripped
Transform:
  m_CorrespondingSourceObject: {fileID: -8679921383154817045, guid: d222d1bba0474164199bca296d669b36,
    type: 3}
  m_PrefabInstance: {fileID: 201769711229463589}
  m_PrefabAsset: {fileID: 0}
--- !u!1001 &2460059907398254820
PrefabInstance:
  m_ObjectHideFlags: 0
  serializedVersion: 2
  m_Modification:
    m_TransformParent: {fileID: 5247571157888811878}
    m_Modifications:
    - target: {fileID: -8679921383154817045, guid: d222d1bba0474164199bca296d669b36,
        type: 3}
      propertyPath: m_LocalPosition.x
      value: 0.49826813
      objectReference: {fileID: 0}
    - target: {fileID: -8679921383154817045, guid: d222d1bba0474164199bca296d669b36,
        type: 3}
      propertyPath: m_LocalPosition.y
      value: 0.8153987
      objectReference: {fileID: 0}
    - target: {fileID: -8679921383154817045, guid: d222d1bba0474164199bca296d669b36,
        type: 3}
      propertyPath: m_LocalPosition.z
      value: -0.37451553
      objectReference: {fileID: 0}
    - target: {fileID: -8679921383154817045, guid: d222d1bba0474164199bca296d669b36,
        type: 3}
      propertyPath: m_LocalRotation.x
      value: -0
      objectReference: {fileID: 0}
    - target: {fileID: -8679921383154817045, guid: d222d1bba0474164199bca296d669b36,
        type: 3}
      propertyPath: m_LocalRotation.y
      value: -0
      objectReference: {fileID: 0}
    - target: {fileID: -8679921383154817045, guid: d222d1bba0474164199bca296d669b36,
        type: 3}
      propertyPath: m_LocalRotation.z
      value: -0
      objectReference: {fileID: 0}
    - target: {fileID: -8679921383154817045, guid: d222d1bba0474164199bca296d669b36,
        type: 3}
      propertyPath: m_LocalRotation.w
      value: 1
      objectReference: {fileID: 0}
    - target: {fileID: -8679921383154817045, guid: d222d1bba0474164199bca296d669b36,
        type: 3}
      propertyPath: m_RootOrder
      value: 0
      objectReference: {fileID: 0}
    - target: {fileID: -8679921383154817045, guid: d222d1bba0474164199bca296d669b36,
        type: 3}
      propertyPath: m_LocalEulerAnglesHint.x
      value: 0
      objectReference: {fileID: 0}
    - target: {fileID: -8679921383154817045, guid: d222d1bba0474164199bca296d669b36,
        type: 3}
      propertyPath: m_LocalEulerAnglesHint.y
      value: 0
      objectReference: {fileID: 0}
    - target: {fileID: -8679921383154817045, guid: d222d1bba0474164199bca296d669b36,
        type: 3}
      propertyPath: m_LocalEulerAnglesHint.z
      value: 0
      objectReference: {fileID: 0}
    - target: {fileID: -8679921383154817045, guid: d222d1bba0474164199bca296d669b36,
        type: 3}
      propertyPath: m_LocalScale.x
      value: 0.7
      objectReference: {fileID: 0}
    - target: {fileID: -8679921383154817045, guid: d222d1bba0474164199bca296d669b36,
        type: 3}
      propertyPath: m_LocalScale.y
      value: 5.6
      objectReference: {fileID: 0}
    - target: {fileID: -8679921383154817045, guid: d222d1bba0474164199bca296d669b36,
        type: 3}
      propertyPath: m_LocalScale.z
      value: 0.7
      objectReference: {fileID: 0}
    - target: {fileID: -3580892024755811894, guid: d222d1bba0474164199bca296d669b36,
        type: 3}
      propertyPath: m_Materials.Array.data[1]
      value: 
      objectReference: {fileID: 2100000, guid: d00656c470757e542afc462dbd447892, type: 2}
    - target: {fileID: 919132149155446097, guid: d222d1bba0474164199bca296d669b36,
        type: 3}
      propertyPath: m_Name
      value: wooden_box
      objectReference: {fileID: 0}
    - target: {fileID: 7358743226854727029, guid: d222d1bba0474164199bca296d669b36,
        type: 3}
      propertyPath: m_Materials.Array.data[1]
      value: 
      objectReference: {fileID: 2100000, guid: d00656c470757e542afc462dbd447892, type: 2}
    m_RemovedComponents: []
  m_SourcePrefab: {fileID: 100100000, guid: d222d1bba0474164199bca296d669b36, type: 3}
--- !u!4 &2713799270201960207 stripped
Transform:
  m_CorrespondingSourceObject: {fileID: -8679921383154817045, guid: d222d1bba0474164199bca296d669b36,
    type: 3}
  m_PrefabInstance: {fileID: 2460059907398254820}
  m_PrefabAsset: {fileID: 0}
