%YAML 1.1
%TAG !u! tag:unity3d.com,2011:
--- !u!1 &172579532103670623
GameObject:
  m_ObjectHideFlags: 0
  m_CorrespondingSourceObject: {fileID: 0}
  m_PrefabInstance: {fileID: 0}
  m_PrefabAsset: {fileID: 0}
  serializedVersion: 6
  m_Component:
  - component: {fileID: 172579532103670616}
  - component: {fileID: 172579532103670617}
  - component: {fileID: 1416617243258823202}
  m_Layer: 9
  m_Name: InteractableElectricBox
  m_TagString: Untagged
  m_Icon: {fileID: 0}
  m_NavMeshLayer: 0
  m_StaticEditorFlags: 0
  m_IsActive: 1
--- !u!4 &172579532103670616
Transform:
  m_ObjectHideFlags: 0
  m_CorrespondingSourceObject: {fileID: 0}
  m_PrefabInstance: {fileID: 0}
  m_PrefabAsset: {fileID: 0}
  m_GameObject: {fileID: 172579532103670623}
  m_LocalRotation: {x: -0, y: -0, z: -0, w: 1}
  m_LocalPosition: {x: -21.321, y: 9.13, z: 15.761}
  m_LocalScale: {x: 0.65426165, y: 0.8403833, z: 0.7385}
  m_Children:
  - {fileID: 7534596621245634147}
  - {fileID: 5323338826559434483}
  m_Father: {fileID: 0}
  m_RootOrder: 0
  m_LocalEulerAnglesHint: {x: 0, y: 0, z: 0}
--- !u!65 &172579532103670617
BoxCollider:
  m_ObjectHideFlags: 0
  m_CorrespondingSourceObject: {fileID: 0}
  m_PrefabInstance: {fileID: 0}
  m_PrefabAsset: {fileID: 0}
  m_GameObject: {fileID: 172579532103670623}
  m_Material: {fileID: 0}
  m_IsTrigger: 0
  m_Enabled: 1
  serializedVersion: 2
  m_Size: {x: 2.8, y: 0.88, z: 2.35}
  m_Center: {x: 0, y: 0, z: 0}
--- !u!114 &1416617243258823202
MonoBehaviour:
  m_ObjectHideFlags: 0
  m_CorrespondingSourceObject: {fileID: 0}
  m_PrefabInstance: {fileID: 0}
  m_PrefabAsset: {fileID: 0}
  m_GameObject: {fileID: 172579532103670623}
  m_Enabled: 1
  m_EditorHideFlags: 0
  m_Script: {fileID: 11500000, guid: 63a010b049de2d449b3cf3613378323a, type: 3}
  m_Name: 
  m_EditorClassIdentifier: 
  holdDuration: 0
  holdInteract: 0
  isInteractable: 0
  tooltipHoverText: "\u0412\u0437\u0430\u0438\u043C\u043E\u0434\u0435\u0439\u0441\u0442\u0432\u043E\u0432\u0430\u0442\u044C"
  tooltipHoldText: "\u0412\u0437\u0430\u0438\u043C\u043E\u0434\u0435\u0439\u0441\u0442\u0432\u0443\u044E"
  tooltipNotInteractableText: "\u041D\u0435 \u043C\u043E\u0433\u0443 \u0432\u0437\u0430\u0438\u043C\u043E\u0434\u0435\u0439\u0441\u0442\u0432\u043E\u0432\u0430\u0442\u044C"
  electricBoxBroken: {fileID: 0}
  electricBoxNormal: {fileID: 0}
--- !u!1001 &5650598097712302360
PrefabInstance:
  m_ObjectHideFlags: 0
  serializedVersion: 2
  m_Modification:
    m_TransformParent: {fileID: 172579532103670616}
    m_Modifications:
    - target: {fileID: -8679921383154817045, guid: 5d662ac71baaf1042bb18db0cf59c017,
        type: 3}
      propertyPath: m_LocalPosition.x
      value: -0
      objectReference: {fileID: 0}
    - target: {fileID: -8679921383154817045, guid: 5d662ac71baaf1042bb18db0cf59c017,
        type: 3}
      propertyPath: m_LocalPosition.y
      value: -3.556
      objectReference: {fileID: 0}
    - target: {fileID: -8679921383154817045, guid: 5d662ac71baaf1042bb18db0cf59c017,
        type: 3}
      propertyPath: m_LocalPosition.z
      value: 0
      objectReference: {fileID: 0}
    - target: {fileID: -8679921383154817045, guid: 5d662ac71baaf1042bb18db0cf59c017,
        type: 3}
      propertyPath: m_LocalRotation.x
      value: -0.7071068
      objectReference: {fileID: 0}
    - target: {fileID: -8679921383154817045, guid: 5d662ac71baaf1042bb18db0cf59c017,
        type: 3}
      propertyPath: m_LocalRotation.y
      value: 0
      objectReference: {fileID: 0}
    - target: {fileID: -8679921383154817045, guid: 5d662ac71baaf1042bb18db0cf59c017,
        type: 3}
      propertyPath: m_LocalRotation.z
      value: -0
      objectReference: {fileID: 0}
    - target: {fileID: -8679921383154817045, guid: 5d662ac71baaf1042bb18db0cf59c017,
        type: 3}
      propertyPath: m_LocalRotation.w
      value: 0.7071067
      objectReference: {fileID: 0}
    - target: {fileID: -8679921383154817045, guid: 5d662ac71baaf1042bb18db0cf59c017,
        type: 3}
      propertyPath: m_RootOrder
      value: 1
      objectReference: {fileID: 0}
    - target: {fileID: -8679921383154817045, guid: 5d662ac71baaf1042bb18db0cf59c017,
        type: 3}
      propertyPath: m_LocalEulerAnglesHint.x
      value: 0
      objectReference: {fileID: 0}
    - target: {fileID: -8679921383154817045, guid: 5d662ac71baaf1042bb18db0cf59c017,
        type: 3}
      propertyPath: m_LocalEulerAnglesHint.y
      value: 0
      objectReference: {fileID: 0}
    - target: {fileID: -8679921383154817045, guid: 5d662ac71baaf1042bb18db0cf59c017,
        type: 3}
      propertyPath: m_LocalEulerAnglesHint.z
      value: 0
      objectReference: {fileID: 0}
    - target: {fileID: 919132149155446097, guid: 5d662ac71baaf1042bb18db0cf59c017,
        type: 3}
      propertyPath: m_Name
      value: game_good
      objectReference: {fileID: 0}
    m_RemovedComponents: []
  m_SourcePrefab: {fileID: 100100000, guid: 5d662ac71baaf1042bb18db0cf59c017, type: 3}
--- !u!4 &5323338826559434483 stripped
Transform:
  m_CorrespondingSourceObject: {fileID: -8679921383154817045, guid: 5d662ac71baaf1042bb18db0cf59c017,
    type: 3}
  m_PrefabInstance: {fileID: 5650598097712302360}
  m_PrefabAsset: {fileID: 0}
--- !u!1001 &8005987030973100424
PrefabInstance:
  m_ObjectHideFlags: 0
  serializedVersion: 2
  m_Modification:
    m_TransformParent: {fileID: 172579532103670616}
    m_Modifications:
    - target: {fileID: -8679921383154817045, guid: a68c6bf4803b7d949bafd413ab226b94,
        type: 3}
      propertyPath: m_LocalPosition.x
      value: -0
      objectReference: {fileID: 0}
    - target: {fileID: -8679921383154817045, guid: a68c6bf4803b7d949bafd413ab226b94,
        type: 3}
      propertyPath: m_LocalPosition.y
      value: 0
      objectReference: {fileID: 0}
    - target: {fileID: -8679921383154817045, guid: a68c6bf4803b7d949bafd413ab226b94,
        type: 3}
      propertyPath: m_LocalPosition.z
      value: 0
      objectReference: {fileID: 0}
    - target: {fileID: -8679921383154817045, guid: a68c6bf4803b7d949bafd413ab226b94,
        type: 3}
      propertyPath: m_LocalRotation.x
      value: -0.7071068
      objectReference: {fileID: 0}
    - target: {fileID: -8679921383154817045, guid: a68c6bf4803b7d949bafd413ab226b94,
        type: 3}
      propertyPath: m_LocalRotation.y
      value: 0
      objectReference: {fileID: 0}
    - target: {fileID: -8679921383154817045, guid: a68c6bf4803b7d949bafd413ab226b94,
        type: 3}
      propertyPath: m_LocalRotation.z
      value: -0
      objectReference: {fileID: 0}
    - target: {fileID: -8679921383154817045, guid: a68c6bf4803b7d949bafd413ab226b94,
        type: 3}
      propertyPath: m_LocalRotation.w
      value: 0.7071067
      objectReference: {fileID: 0}
    - target: {fileID: -8679921383154817045, guid: a68c6bf4803b7d949bafd413ab226b94,
        type: 3}
      propertyPath: m_RootOrder
      value: 0
      objectReference: {fileID: 0}
    - target: {fileID: -8679921383154817045, guid: a68c6bf4803b7d949bafd413ab226b94,
        type: 3}
      propertyPath: m_LocalEulerAnglesHint.x
      value: 0
      objectReference: {fileID: 0}
    - target: {fileID: -8679921383154817045, guid: a68c6bf4803b7d949bafd413ab226b94,
        type: 3}
      propertyPath: m_LocalEulerAnglesHint.y
      value: 0
      objectReference: {fileID: 0}
    - target: {fileID: -8679921383154817045, guid: a68c6bf4803b7d949bafd413ab226b94,
        type: 3}
      propertyPath: m_LocalEulerAnglesHint.z
      value: 0
      objectReference: {fileID: 0}
    - target: {fileID: 919132149155446097, guid: a68c6bf4803b7d949bafd413ab226b94,
        type: 3}
      propertyPath: m_Name
      value: game_bad
      objectReference: {fileID: 0}
    m_RemovedComponents: []
  m_SourcePrefab: {fileID: 100100000, guid: a68c6bf4803b7d949bafd413ab226b94, type: 3}
--- !u!4 &7534596621245634147 stripped
Transform:
  m_CorrespondingSourceObject: {fileID: -8679921383154817045, guid: a68c6bf4803b7d949bafd413ab226b94,
    type: 3}
  m_PrefabInstance: {fileID: 8005987030973100424}
  m_PrefabAsset: {fileID: 0}
