%YAML 1.1
%TAG !u! tag:unity3d.com,2011:
--- !u!1 &5073318332689425377
GameObject:
  m_ObjectHideFlags: 0
  m_CorrespondingSourceObject: {fileID: 0}
  m_PrefabInstance: {fileID: 0}
  m_PrefabAsset: {fileID: 0}
  serializedVersion: 6
  m_Component:
  - component: {fileID: 55502439993874722}
  m_Layer: 9
  m_Name: SnowtreePlace3
  m_TagString: Untagged
  m_Icon: {fileID: 0}
  m_NavMeshLayer: 0
  m_StaticEditorFlags: 0
  m_IsActive: 1
--- !u!4 &55502439993874722
Transform:
  m_ObjectHideFlags: 0
  m_CorrespondingSourceObject: {fileID: 0}
  m_PrefabInstance: {fileID: 0}
  m_PrefabAsset: {fileID: 0}
  m_GameObject: {fileID: 5073318332689425377}
  m_LocalRotation: {x: 0, y: 0, z: 0, w: 1}
  m_LocalPosition: {x: -0.368, y: -0.079, z: -0.567}
  m_LocalScale: {x: 1, y: 1, z: 1}
  m_Children: []
  m_Father: {fileID: 6111443416259177095}
  m_RootOrder: 2
  m_LocalEulerAnglesHint: {x: 0, y: 0, z: 0}
--- !u!1 &5687739322868014408
GameObject:
  m_ObjectHideFlags: 0
  m_CorrespondingSourceObject: {fileID: 0}
  m_PrefabInstance: {fileID: 0}
  m_PrefabAsset: {fileID: 0}
  serializedVersion: 6
  m_Component:
  - component: {fileID: 1367872214410103321}
  m_Layer: 9
  m_Name: SnowtreePlace2
  m_TagString: Untagged
  m_Icon: {fileID: 0}
  m_NavMeshLayer: 0
  m_StaticEditorFlags: 0
  m_IsActive: 1
--- !u!4 &1367872214410103321
Transform:
  m_ObjectHideFlags: 0
  m_CorrespondingSourceObject: {fileID: 0}
  m_PrefabInstance: {fileID: 0}
  m_PrefabAsset: {fileID: 0}
  m_GameObject: {fileID: 5687739322868014408}
  m_LocalRotation: {x: 0, y: 0, z: 0, w: 1}
  m_LocalPosition: {x: 0.278, y: -0.079, z: -0.635}
  m_LocalScale: {x: 1, y: 1, z: 1}
  m_Children: []
  m_Father: {fileID: 6111443416259177095}
  m_RootOrder: 1
  m_LocalEulerAnglesHint: {x: 0, y: 0, z: 0}
--- !u!1 &6111443416259177088
GameObject:
  m_ObjectHideFlags: 0
  m_CorrespondingSourceObject: {fileID: 0}
  m_PrefabInstance: {fileID: 0}
  m_PrefabAsset: {fileID: 0}
  serializedVersion: 6
  m_Component:
  - component: {fileID: 6111443416259177095}
  - component: {fileID: 6111443416259177094}
  - component: {fileID: 4145296170018403608}
  m_Layer: 9
  m_Name: InteractableSnowtree
  m_TagString: Untagged
  m_Icon: {fileID: 0}
  m_NavMeshLayer: 0
  m_StaticEditorFlags: 0
  m_IsActive: 1
--- !u!4 &6111443416259177095
Transform:
  m_ObjectHideFlags: 0
  m_CorrespondingSourceObject: {fileID: 0}
  m_PrefabInstance: {fileID: 0}
  m_PrefabAsset: {fileID: 0}
  m_GameObject: {fileID: 6111443416259177088}
  m_LocalRotation: {x: 0, y: 0, z: 0, w: 1}
  m_LocalPosition: {x: -5.609, y: 9.353, z: 15.182}
  m_LocalScale: {x: 0.3777598, y: 0.792077, z: 0.31073794}
  m_Children:
  - {fileID: 7929173133798005755}
  - {fileID: 1367872214410103321}
  - {fileID: 55502439993874722}
  - {fileID: 2523044033204621702}
  m_Father: {fileID: 0}
  m_RootOrder: 0
  m_LocalEulerAnglesHint: {x: 0, y: 0, z: 0}
--- !u!65 &6111443416259177094
BoxCollider:
  m_ObjectHideFlags: 0
  m_CorrespondingSourceObject: {fileID: 0}
  m_PrefabInstance: {fileID: 0}
  m_PrefabAsset: {fileID: 0}
  m_GameObject: {fileID: 6111443416259177088}
  m_Material: {fileID: 0}
  m_IsTrigger: 0
  m_Enabled: 1
  serializedVersion: 2
  m_Size: {x: 1, y: 1, z: 1}
  m_Center: {x: 0, y: 0, z: 0}
--- !u!114 &4145296170018403608
MonoBehaviour:
  m_ObjectHideFlags: 0
  m_CorrespondingSourceObject: {fileID: 0}
  m_PrefabInstance: {fileID: 0}
  m_PrefabAsset: {fileID: 0}
  m_GameObject: {fileID: 6111443416259177088}
  m_Enabled: 1
  m_EditorHideFlags: 0
  m_Script: {fileID: 11500000, guid: 4e1ac0848086b6a419a1de562a4bb61c, type: 3}
  m_Name: 
  m_EditorClassIdentifier: 
  holdDuration: 0
  holdInteract: 0
  isInteractable: 0
  tooltipHoverText: "\u041F\u043E\u0432\u0435\u0441\u0438\u0442\u044C"
  tooltipHoldText: "\u0412\u0437\u0430\u0438\u043C\u043E\u0434\u0435\u0439\u0441\u0442\u0432\u0443\u044E"
  tooltipNotInteractableText: "\u0421\u043D\u0430\u0447\u0430\u043B\u0430 \u0440\u0430\u0431\u043E\u0442\u0430"
  snowtreeBalls:
  - {fileID: 0}
  - {fileID: 0}
  - {fileID: 0}
  snowtreeBeatiful: {fileID: 0}
--- !u!1 &6191499570191584967
GameObject:
  m_ObjectHideFlags: 0
  m_CorrespondingSourceObject: {fileID: 0}
  m_PrefabInstance: {fileID: 0}
  m_PrefabAsset: {fileID: 0}
  serializedVersion: 6
  m_Component:
  - component: {fileID: 7929173133798005755}
  m_Layer: 9
  m_Name: SnowtreePlace1
  m_TagString: Untagged
  m_Icon: {fileID: 0}
  m_NavMeshLayer: 0
  m_StaticEditorFlags: 0
  m_IsActive: 1
--- !u!4 &7929173133798005755
Transform:
  m_ObjectHideFlags: 0
  m_CorrespondingSourceObject: {fileID: 0}
  m_PrefabInstance: {fileID: 0}
  m_PrefabAsset: {fileID: 0}
  m_GameObject: {fileID: 6191499570191584967}
  m_LocalRotation: {x: 0, y: 0, z: 0, w: 1}
  m_LocalPosition: {x: -0.011, y: 0.0369, z: -0.685}
  m_LocalScale: {x: 1, y: 1, z: 1}
  m_Children: []
  m_Father: {fileID: 6111443416259177095}
  m_RootOrder: 0
  m_LocalEulerAnglesHint: {x: 0, y: 0, z: 0}
--- !u!1001 &2632668800237565549
PrefabInstance:
  m_ObjectHideFlags: 0
  serializedVersion: 2
  m_Modification:
    m_TransformParent: {fileID: 6111443416259177095}
    m_Modifications:
    - target: {fileID: -8679921383154817045, guid: 847a5a1fc0269d349b064892d2f2cbcc,
        type: 3}
      propertyPath: m_LocalPosition.x
      value: -0.016
      objectReference: {fileID: 0}
    - target: {fileID: -8679921383154817045, guid: 847a5a1fc0269d349b064892d2f2cbcc,
        type: 3}
      propertyPath: m_LocalPosition.y
      value: -0.457
      objectReference: {fileID: 0}
    - target: {fileID: -8679921383154817045, guid: 847a5a1fc0269d349b064892d2f2cbcc,
        type: 3}
      propertyPath: m_LocalPosition.z
      value: -0.103
      objectReference: {fileID: 0}
    - target: {fileID: -8679921383154817045, guid: 847a5a1fc0269d349b064892d2f2cbcc,
        type: 3}
      propertyPath: m_LocalRotation.x
      value: -0.7071068
      objectReference: {fileID: 0}
    - target: {fileID: -8679921383154817045, guid: 847a5a1fc0269d349b064892d2f2cbcc,
        type: 3}
      propertyPath: m_LocalRotation.y
      value: -0
      objectReference: {fileID: 0}
    - target: {fileID: -8679921383154817045, guid: 847a5a1fc0269d349b064892d2f2cbcc,
        type: 3}
      propertyPath: m_LocalRotation.z
      value: -0
      objectReference: {fileID: 0}
    - target: {fileID: -8679921383154817045, guid: 847a5a1fc0269d349b064892d2f2cbcc,
        type: 3}
      propertyPath: m_LocalRotation.w
      value: 0.7071067
      objectReference: {fileID: 0}
    - target: {fileID: -8679921383154817045, guid: 847a5a1fc0269d349b064892d2f2cbcc,
        type: 3}
      propertyPath: m_RootOrder
      value: 3
      objectReference: {fileID: 0}
    - target: {fileID: -8679921383154817045, guid: 847a5a1fc0269d349b064892d2f2cbcc,
        type: 3}
      propertyPath: m_LocalEulerAnglesHint.x
      value: 0
      objectReference: {fileID: 0}
    - target: {fileID: -8679921383154817045, guid: 847a5a1fc0269d349b064892d2f2cbcc,
        type: 3}
      propertyPath: m_LocalEulerAnglesHint.y
      value: 0
      objectReference: {fileID: 0}
    - target: {fileID: -8679921383154817045, guid: 847a5a1fc0269d349b064892d2f2cbcc,
        type: 3}
      propertyPath: m_LocalEulerAnglesHint.z
      value: 0
      objectReference: {fileID: 0}
    - target: {fileID: -8679921383154817045, guid: 847a5a1fc0269d349b064892d2f2cbcc,
        type: 3}
      propertyPath: m_LocalScale.x
      value: 109.00001
      objectReference: {fileID: 0}
    - target: {fileID: -8679921383154817045, guid: 847a5a1fc0269d349b064892d2f2cbcc,
        type: 3}
      propertyPath: m_LocalScale.y
      value: 132.50981
      objectReference: {fileID: 0}
    - target: {fileID: -8679921383154817045, guid: 847a5a1fc0269d349b064892d2f2cbcc,
        type: 3}
      propertyPath: m_LocalScale.z
      value: 51.98462
      objectReference: {fileID: 0}
    - target: {fileID: 919132149155446097, guid: 847a5a1fc0269d349b064892d2f2cbcc,
        type: 3}
      propertyPath: m_Name
      value: firtree_simple
      objectReference: {fileID: 0}
    m_RemovedComponents: []
  m_SourcePrefab: {fileID: 100100000, guid: 847a5a1fc0269d349b064892d2f2cbcc, type: 3}
--- !u!4 &2523044033204621702 stripped
Transform:
  m_CorrespondingSourceObject: {fileID: -8679921383154817045, guid: 847a5a1fc0269d349b064892d2f2cbcc,
    type: 3}
  m_PrefabInstance: {fileID: 2632668800237565549}
  m_PrefabAsset: {fileID: 0}
