%YAML 1.1
%TAG !u! tag:unity3d.com,2011:
--- !u!29 &1
OcclusionCullingSettings:
  m_ObjectHideFlags: 0
  serializedVersion: 2
  m_OcclusionBakeSettings:
    smallestOccluder: 5
    smallestHole: 0.25
    backfaceThreshold: 100
  m_SceneGUID: 00000000000000000000000000000000
  m_OcclusionCullingData: {fileID: 0}
--- !u!104 &2
RenderSettings:
  m_ObjectHideFlags: 0
  serializedVersion: 9
  m_Fog: 0
  m_FogColor: {r: 0.65080994, g: 0.666729, b: 0.7075472, a: 1}
  m_FogMode: 3
  m_FogDensity: 0.02
  m_LinearFogStart: 0
  m_LinearFogEnd: 300
  m_AmbientSkyColor: {r: 0.212, g: 0.227, b: 0.259, a: 1}
  m_AmbientEquatorColor: {r: 0.114, g: 0.125, b: 0.133, a: 1}
  m_AmbientGroundColor: {r: 0.047, g: 0.043, b: 0.035, a: 1}
  m_AmbientIntensity: 1
  m_AmbientMode: 0
  m_SubtractiveShadowColor: {r: 0.13296545, g: 0.19145328, b: 0.33962262, a: 1}
  m_SkyboxMaterial: {fileID: 2100000, guid: 0ffaa0b7117ba8c47a9d05ae701d4b4d, type: 2}
  m_HaloStrength: 0.5
  m_FlareStrength: 1
  m_FlareFadeSpeed: 3
  m_HaloTexture: {fileID: 0}
  m_SpotCookie: {fileID: 10001, guid: 0000000000000000e000000000000000, type: 0}
  m_DefaultReflectionMode: 0
  m_DefaultReflectionResolution: 128
  m_ReflectionBounces: 1
  m_ReflectionIntensity: 1
  m_CustomReflection: {fileID: 0}
  m_Sun: {fileID: 2138677392}
  m_IndirectSpecularColor: {r: 0.0064886427, g: 0.0059433575, b: 0.009679526, a: 1}
  m_UseRadianceAmbientProbe: 0
--- !u!157 &3
LightmapSettings:
  m_ObjectHideFlags: 0
  serializedVersion: 11
  m_GIWorkflowMode: 0
  m_GISettings:
    serializedVersion: 2
    m_BounceScale: 1
    m_IndirectOutputScale: 1
    m_AlbedoBoost: 1
    m_EnvironmentLightingMode: 1
    m_EnableBakedLightmaps: 1
    m_EnableRealtimeLightmaps: 0
  m_LightmapEditorSettings:
    serializedVersion: 12
    m_Resolution: 2
    m_BakeResolution: 32
    m_AtlasSize: 512
    m_AO: 1
    m_AOMaxDistance: 1
    m_CompAOExponent: 1
    m_CompAOExponentDirect: 0.3
    m_ExtractAmbientOcclusion: 0
    m_Padding: 2
    m_LightmapParameters: {fileID: 0}
    m_LightmapsBakeMode: 0
    m_TextureCompression: 1
    m_FinalGather: 0
    m_FinalGatherFiltering: 1
    m_FinalGatherRayCount: 256
    m_ReflectionCompression: 2
    m_MixedBakeMode: 1
    m_BakeBackend: 1
    m_PVRSampling: 1
    m_PVRDirectSampleCount: 32
    m_PVRSampleCount: 256
    m_PVRBounces: 2
    m_PVREnvironmentSampleCount: 256
    m_PVREnvironmentReferencePointCount: 2048
    m_PVRFilteringMode: 2
    m_PVRDenoiserTypeDirect: 0
    m_PVRDenoiserTypeIndirect: 0
    m_PVRDenoiserTypeAO: 0
    m_PVRFilterTypeDirect: 0
    m_PVRFilterTypeIndirect: 0
    m_PVRFilterTypeAO: 0
    m_PVREnvironmentMIS: 0
    m_PVRCulling: 1
    m_PVRFilteringGaussRadiusDirect: 1
    m_PVRFilteringGaussRadiusIndirect: 5
    m_PVRFilteringGaussRadiusAO: 2
    m_PVRFilteringAtrousPositionSigmaDirect: 0.548
    m_PVRFilteringAtrousPositionSigmaIndirect: 2
    m_PVRFilteringAtrousPositionSigmaAO: 1
    m_ExportTrainingData: 0
    m_TrainingDataDestination: TrainingData
    m_LightProbeSampleCountMultiplier: 4
  m_LightingDataAsset: {fileID: 0}
  m_UseShadowmask: 0
--- !u!196 &4
NavMeshSettings:
  serializedVersion: 2
  m_ObjectHideFlags: 0
  m_BuildSettings:
    serializedVersion: 2
    agentTypeID: 0
    agentRadius: 0.5
    agentHeight: 2
    agentSlope: 45
    agentClimb: 0.4
    ledgeDropHeight: 0
    maxJumpAcrossDistance: 0
    minRegionArea: 2
    manualCellSize: 0
    cellSize: 0.16666667
    manualTileSize: 0
    tileSize: 256
    accuratePlacement: 0
    debug:
      m_Flags: 0
  m_NavMeshData: {fileID: 0}
--- !u!1001 &6993746
PrefabInstance:
  m_ObjectHideFlags: 0
  serializedVersion: 2
  m_Modification:
    m_TransformParent: {fileID: 1481670924}
    m_Modifications:
    - target: {fileID: 2996228596606319477, guid: 1bf82f45c7cd45b48b2843d30f3cc885,
        type: 3}
      propertyPath: m_Name
      value: KashaBox
      objectReference: {fileID: 0}
    - target: {fileID: 5890603087644389572, guid: 1bf82f45c7cd45b48b2843d30f3cc885,
        type: 3}
      propertyPath: m_LocalPosition.x
      value: 0
      objectReference: {fileID: 0}
    - target: {fileID: 5890603087644389572, guid: 1bf82f45c7cd45b48b2843d30f3cc885,
        type: 3}
      propertyPath: m_LocalPosition.y
      value: 0
      objectReference: {fileID: 0}
    - target: {fileID: 5890603087644389572, guid: 1bf82f45c7cd45b48b2843d30f3cc885,
        type: 3}
      propertyPath: m_LocalPosition.z
      value: 0
      objectReference: {fileID: 0}
    - target: {fileID: 5890603087644389572, guid: 1bf82f45c7cd45b48b2843d30f3cc885,
        type: 3}
      propertyPath: m_LocalRotation.x
      value: 0
      objectReference: {fileID: 0}
    - target: {fileID: 5890603087644389572, guid: 1bf82f45c7cd45b48b2843d30f3cc885,
        type: 3}
      propertyPath: m_LocalRotation.y
      value: 0
      objectReference: {fileID: 0}
    - target: {fileID: 5890603087644389572, guid: 1bf82f45c7cd45b48b2843d30f3cc885,
        type: 3}
      propertyPath: m_LocalRotation.z
      value: 0
      objectReference: {fileID: 0}
    - target: {fileID: 5890603087644389572, guid: 1bf82f45c7cd45b48b2843d30f3cc885,
        type: 3}
      propertyPath: m_LocalRotation.w
      value: 1
      objectReference: {fileID: 0}
    - target: {fileID: 5890603087644389572, guid: 1bf82f45c7cd45b48b2843d30f3cc885,
        type: 3}
      propertyPath: m_RootOrder
      value: 4
      objectReference: {fileID: 0}
    - target: {fileID: 5890603087644389572, guid: 1bf82f45c7cd45b48b2843d30f3cc885,
        type: 3}
      propertyPath: m_LocalEulerAnglesHint.x
      value: 0
      objectReference: {fileID: 0}
    - target: {fileID: 5890603087644389572, guid: 1bf82f45c7cd45b48b2843d30f3cc885,
        type: 3}
      propertyPath: m_LocalEulerAnglesHint.y
      value: 0
      objectReference: {fileID: 0}
    - target: {fileID: 5890603087644389572, guid: 1bf82f45c7cd45b48b2843d30f3cc885,
        type: 3}
      propertyPath: m_LocalEulerAnglesHint.z
      value: 0
      objectReference: {fileID: 0}
    m_RemovedComponents: []
  m_SourcePrefab: {fileID: 100100000, guid: 1bf82f45c7cd45b48b2843d30f3cc885, type: 3}
--- !u!4 &6993747 stripped
Transform:
  m_CorrespondingSourceObject: {fileID: 5890603087644389572, guid: 1bf82f45c7cd45b48b2843d30f3cc885,
    type: 3}
  m_PrefabInstance: {fileID: 6993746}
  m_PrefabAsset: {fileID: 0}
--- !u!114 &6993748 stripped
MonoBehaviour:
  m_CorrespondingSourceObject: {fileID: 488527534403553010, guid: 1bf82f45c7cd45b48b2843d30f3cc885,
    type: 3}
  m_PrefabInstance: {fileID: 6993746}
  m_PrefabAsset: {fileID: 0}
  m_GameObject: {fileID: 0}
  m_Enabled: 1
  m_EditorHideFlags: 0
  m_Script: {fileID: 11500000, guid: 0a3193998a8cc754d914100dd6a66ffc, type: 3}
  m_Name: 
  m_EditorClassIdentifier: 
--- !u!1 &56696366
GameObject:
  m_ObjectHideFlags: 0
  m_CorrespondingSourceObject: {fileID: 0}
  m_PrefabInstance: {fileID: 0}
  m_PrefabAsset: {fileID: 0}
  serializedVersion: 6
  m_Component:
  - component: {fileID: 56696367}
  - component: {fileID: 56696370}
  - component: {fileID: 56696369}
  - component: {fileID: 56696368}
  m_Layer: 8
  m_Name: Cube (2)
  m_TagString: Untagged
  m_Icon: {fileID: 0}
  m_NavMeshLayer: 0
  m_StaticEditorFlags: 0
  m_IsActive: 1
--- !u!4 &56696367
Transform:
  m_ObjectHideFlags: 0
  m_CorrespondingSourceObject: {fileID: 0}
  m_PrefabInstance: {fileID: 0}
  m_PrefabAsset: {fileID: 0}
  m_GameObject: {fileID: 56696366}
  m_LocalRotation: {x: -0, y: -0, z: -0, w: 1}
  m_LocalPosition: {x: -6.64, y: 8.68, z: 3.64}
  m_LocalScale: {x: 1, y: 2.61, z: 1}
  m_Children: []
  m_Father: {fileID: 1327333481}
  m_RootOrder: 9
  m_LocalEulerAnglesHint: {x: 0, y: 0, z: 0}
--- !u!65 &56696368
BoxCollider:
  m_ObjectHideFlags: 0
  m_CorrespondingSourceObject: {fileID: 0}
  m_PrefabInstance: {fileID: 0}
  m_PrefabAsset: {fileID: 0}
  m_GameObject: {fileID: 56696366}
  m_Material: {fileID: 0}
  m_IsTrigger: 0
  m_Enabled: 1
  serializedVersion: 2
  m_Size: {x: 1, y: 1, z: 1}
  m_Center: {x: 0, y: 0, z: 0}
--- !u!23 &56696369
MeshRenderer:
  m_ObjectHideFlags: 0
  m_CorrespondingSourceObject: {fileID: 0}
  m_PrefabInstance: {fileID: 0}
  m_PrefabAsset: {fileID: 0}
  m_GameObject: {fileID: 56696366}
  m_Enabled: 1
  m_CastShadows: 1
  m_ReceiveShadows: 1
  m_DynamicOccludee: 1
  m_MotionVectors: 1
  m_LightProbeUsage: 1
  m_ReflectionProbeUsage: 1
  m_RayTracingMode: 2
  m_RenderingLayerMask: 1
  m_RendererPriority: 0
  m_Materials:
  - {fileID: 2100000, guid: 31321ba15b8f8eb4c954353edc038b1d, type: 2}
  m_StaticBatchInfo:
    firstSubMesh: 0
    subMeshCount: 0
  m_StaticBatchRoot: {fileID: 0}
  m_ProbeAnchor: {fileID: 0}
  m_LightProbeVolumeOverride: {fileID: 0}
  m_ScaleInLightmap: 1
  m_ReceiveGI: 1
  m_PreserveUVs: 0
  m_IgnoreNormalsForChartDetection: 0
  m_ImportantGI: 0
  m_StitchLightmapSeams: 1
  m_SelectedEditorRenderState: 3
  m_MinimumChartSize: 4
  m_AutoUVMaxDistance: 0.5
  m_AutoUVMaxAngle: 89
  m_LightmapParameters: {fileID: 0}
  m_SortingLayerID: 0
  m_SortingLayer: 0
  m_SortingOrder: 0
--- !u!33 &56696370
MeshFilter:
  m_ObjectHideFlags: 0
  m_CorrespondingSourceObject: {fileID: 0}
  m_PrefabInstance: {fileID: 0}
  m_PrefabAsset: {fileID: 0}
  m_GameObject: {fileID: 56696366}
  m_Mesh: {fileID: 10202, guid: 0000000000000000e000000000000000, type: 0}
--- !u!1 &130181204
GameObject:
  m_ObjectHideFlags: 0
  m_CorrespondingSourceObject: {fileID: 0}
  m_PrefabInstance: {fileID: 0}
  m_PrefabAsset: {fileID: 0}
  serializedVersion: 6
  m_Component:
  - component: {fileID: 130181205}
  - component: {fileID: 130181208}
  - component: {fileID: 130181207}
  - component: {fileID: 130181206}
  m_Layer: 11
  m_Name: Plane
  m_TagString: Untagged
  m_Icon: {fileID: 0}
  m_NavMeshLayer: 0
  m_StaticEditorFlags: 0
  m_IsActive: 1
--- !u!4 &130181205
Transform:
  m_ObjectHideFlags: 0
  m_CorrespondingSourceObject: {fileID: 0}
  m_PrefabInstance: {fileID: 0}
  m_PrefabAsset: {fileID: 0}
  m_GameObject: {fileID: 130181204}
  m_LocalRotation: {x: -0, y: -0, z: 0.15326916, w: 0.9881846}
  m_LocalPosition: {x: 6.795738, y: 8.836046, z: 1.5782757}
  m_LocalScale: {x: 1, y: 1, z: 1}
  m_Children: []
  m_Father: {fileID: 1327333481}
  m_RootOrder: 1
  m_LocalEulerAnglesHint: {x: 0, y: 0, z: 17.633001}
--- !u!64 &130181206
MeshCollider:
  m_ObjectHideFlags: 0
  m_CorrespondingSourceObject: {fileID: 0}
  m_PrefabInstance: {fileID: 0}
  m_PrefabAsset: {fileID: 0}
  m_GameObject: {fileID: 130181204}
  m_Material: {fileID: 0}
  m_IsTrigger: 0
  m_Enabled: 1
  serializedVersion: 4
  m_Convex: 0
  m_CookingOptions: 30
  m_Mesh: {fileID: 10209, guid: 0000000000000000e000000000000000, type: 0}
--- !u!23 &130181207
MeshRenderer:
  m_ObjectHideFlags: 0
  m_CorrespondingSourceObject: {fileID: 0}
  m_PrefabInstance: {fileID: 0}
  m_PrefabAsset: {fileID: 0}
  m_GameObject: {fileID: 130181204}
  m_Enabled: 1
  m_CastShadows: 1
  m_ReceiveShadows: 1
  m_DynamicOccludee: 1
  m_MotionVectors: 1
  m_LightProbeUsage: 1
  m_ReflectionProbeUsage: 1
  m_RayTracingMode: 2
  m_RenderingLayerMask: 1
  m_RendererPriority: 0
  m_Materials:
  - {fileID: 2100000, guid: 31321ba15b8f8eb4c954353edc038b1d, type: 2}
  m_StaticBatchInfo:
    firstSubMesh: 0
    subMeshCount: 0
  m_StaticBatchRoot: {fileID: 0}
  m_ProbeAnchor: {fileID: 0}
  m_LightProbeVolumeOverride: {fileID: 0}
  m_ScaleInLightmap: 1
  m_ReceiveGI: 1
  m_PreserveUVs: 0
  m_IgnoreNormalsForChartDetection: 0
  m_ImportantGI: 0
  m_StitchLightmapSeams: 1
  m_SelectedEditorRenderState: 3
  m_MinimumChartSize: 4
  m_AutoUVMaxDistance: 0.5
  m_AutoUVMaxAngle: 89
  m_LightmapParameters: {fileID: 0}
  m_SortingLayerID: 0
  m_SortingLayer: 0
  m_SortingOrder: 0
--- !u!33 &130181208
MeshFilter:
  m_ObjectHideFlags: 0
  m_CorrespondingSourceObject: {fileID: 0}
  m_PrefabInstance: {fileID: 0}
  m_PrefabAsset: {fileID: 0}
  m_GameObject: {fileID: 130181204}
  m_Mesh: {fileID: 10209, guid: 0000000000000000e000000000000000, type: 0}
--- !u!1 &250521711 stripped
GameObject:
  m_CorrespondingSourceObject: {fileID: 3124338393419082666, guid: d9d37bced4704234f91780f46123d89c,
    type: 3}
  m_PrefabInstance: {fileID: 3124338394470996616}
  m_PrefabAsset: {fileID: 0}
--- !u!82 &250521712
AudioSource:
  m_ObjectHideFlags: 0
  m_CorrespondingSourceObject: {fileID: 0}
  m_PrefabInstance: {fileID: 0}
  m_PrefabAsset: {fileID: 0}
  m_GameObject: {fileID: 250521711}
  m_Enabled: 1
  serializedVersion: 4
  OutputAudioMixerGroup: {fileID: 0}
  m_audioClip: {fileID: 8300000, guid: b9593c437f1b6f04c93850080cbffd94, type: 3}
  m_PlayOnAwake: 0
  m_Volume: 1
  m_Pitch: 1.2
  Loop: 0
  Mute: 0
  Spatialize: 0
  SpatializePostEffects: 0
  Priority: 128
  DopplerLevel: 1
  MinDistance: 1
  MaxDistance: 500
  Pan2D: 0
  rolloffMode: 0
  BypassEffects: 0
  BypassListenerEffects: 0
  BypassReverbZones: 0
  rolloffCustomCurve:
    serializedVersion: 2
    m_Curve:
    - serializedVersion: 3
      time: 0
      value: 1
      inSlope: 0
      outSlope: 0
      tangentMode: 0
      weightedMode: 0
      inWeight: 0.33333334
      outWeight: 0.33333334
    - serializedVersion: 3
      time: 1
      value: 0
      inSlope: 0
      outSlope: 0
      tangentMode: 0
      weightedMode: 0
      inWeight: 0.33333334
      outWeight: 0.33333334
    m_PreInfinity: 2
    m_PostInfinity: 2
    m_RotationOrder: 4
  panLevelCustomCurve:
    serializedVersion: 2
    m_Curve:
    - serializedVersion: 3
      time: 0
      value: 0
      inSlope: 0
      outSlope: 0
      tangentMode: 0
      weightedMode: 0
      inWeight: 0.33333334
      outWeight: 0.33333334
    m_PreInfinity: 2
    m_PostInfinity: 2
    m_RotationOrder: 4
  spreadCustomCurve:
    serializedVersion: 2
    m_Curve:
    - serializedVersion: 3
      time: 0
      value: 0
      inSlope: 0
      outSlope: 0
      tangentMode: 0
      weightedMode: 0
      inWeight: 0.33333334
      outWeight: 0.33333334
    m_PreInfinity: 2
    m_PostInfinity: 2
    m_RotationOrder: 4
  reverbZoneMixCustomCurve:
    serializedVersion: 2
    m_Curve:
    - serializedVersion: 3
      time: 0
      value: 1
      inSlope: 0
      outSlope: 0
      tangentMode: 0
      weightedMode: 0
      inWeight: 0.33333334
      outWeight: 0.33333334
    m_PreInfinity: 2
    m_PostInfinity: 2
    m_RotationOrder: 4
--- !u!1 &284991355
GameObject:
  m_ObjectHideFlags: 0
  m_CorrespondingSourceObject: {fileID: 0}
  m_PrefabInstance: {fileID: 0}
  m_PrefabAsset: {fileID: 0}
  serializedVersion: 6
  m_Component:
  - component: {fileID: 284991358}
  - component: {fileID: 284991357}
  - component: {fileID: 284991356}
  m_Layer: 0
  m_Name: EventSystem
  m_TagString: Untagged
  m_Icon: {fileID: 0}
  m_NavMeshLayer: 0
  m_StaticEditorFlags: 0
  m_IsActive: 1
--- !u!114 &284991356
MonoBehaviour:
  m_ObjectHideFlags: 0
  m_CorrespondingSourceObject: {fileID: 0}
  m_PrefabInstance: {fileID: 0}
  m_PrefabAsset: {fileID: 0}
  m_GameObject: {fileID: 284991355}
  m_Enabled: 1
  m_EditorHideFlags: 0
  m_Script: {fileID: 11500000, guid: 4f231c4fb786f3946a6b90b886c48677, type: 3}
  m_Name: 
  m_EditorClassIdentifier: 
  m_HorizontalAxis: Horizontal
  m_VerticalAxis: Vertical
  m_SubmitButton: Submit
  m_CancelButton: Cancel
  m_InputActionsPerSecond: 10
  m_RepeatDelay: 0.5
  m_ForceModuleActive: 0
--- !u!114 &284991357
MonoBehaviour:
  m_ObjectHideFlags: 0
  m_CorrespondingSourceObject: {fileID: 0}
  m_PrefabInstance: {fileID: 0}
  m_PrefabAsset: {fileID: 0}
  m_GameObject: {fileID: 284991355}
  m_Enabled: 1
  m_EditorHideFlags: 0
  m_Script: {fileID: 11500000, guid: 76c392e42b5098c458856cdf6ecaaaa1, type: 3}
  m_Name: 
  m_EditorClassIdentifier: 
  m_FirstSelected: {fileID: 0}
  m_sendNavigationEvents: 1
  m_DragThreshold: 10
--- !u!4 &284991358
Transform:
  m_ObjectHideFlags: 0
  m_CorrespondingSourceObject: {fileID: 0}
  m_PrefabInstance: {fileID: 0}
  m_PrefabAsset: {fileID: 0}
  m_GameObject: {fileID: 284991355}
  m_LocalRotation: {x: 0, y: 0, z: 0, w: 1}
  m_LocalPosition: {x: 0, y: 0, z: 0}
  m_LocalScale: {x: 1, y: 1, z: 1}
  m_Children: []
  m_Father: {fileID: 0}
  m_RootOrder: 5
  m_LocalEulerAnglesHint: {x: 0, y: 0, z: 0}
--- !u!114 &311455558 stripped
MonoBehaviour:
  m_CorrespondingSourceObject: {fileID: 488527534403553010, guid: bdb91b1d0a11a2649a3b7b83c7cfd46c,
    type: 3}
  m_PrefabInstance: {fileID: 1869342436}
  m_PrefabAsset: {fileID: 0}
  m_GameObject: {fileID: 0}
  m_Enabled: 1
  m_EditorHideFlags: 0
  m_Script: {fileID: 11500000, guid: 0a3193998a8cc754d914100dd6a66ffc, type: 3}
  m_Name: 
  m_EditorClassIdentifier: 
--- !u!1 &409994854
GameObject:
  m_ObjectHideFlags: 0
  m_CorrespondingSourceObject: {fileID: 0}
  m_PrefabInstance: {fileID: 0}
  m_PrefabAsset: {fileID: 0}
  serializedVersion: 6
  m_Component:
  - component: {fileID: 409994855}
  - component: {fileID: 409994857}
  - component: {fileID: 409994856}
  m_Layer: 5
  m_Name: ProgressBar
  m_TagString: Untagged
  m_Icon: {fileID: 0}
  m_NavMeshLayer: 0
  m_StaticEditorFlags: 0
  m_IsActive: 1
--- !u!224 &409994855
RectTransform:
  m_ObjectHideFlags: 0
  m_CorrespondingSourceObject: {fileID: 0}
  m_PrefabInstance: {fileID: 0}
  m_PrefabAsset: {fileID: 0}
  m_GameObject: {fileID: 409994854}
  m_LocalRotation: {x: 0, y: 0, z: 0, w: 1}
  m_LocalPosition: {x: 0, y: 0, z: 0}
  m_LocalScale: {x: 1, y: 1, z: 1}
  m_Children:
  - {fileID: 744753897}
  m_Father: {fileID: 1991543613}
  m_RootOrder: 0
  m_LocalEulerAnglesHint: {x: 0, y: 0, z: 0}
  m_AnchorMin: {x: 0.5, y: 0.5}
  m_AnchorMax: {x: 0.5, y: 0.5}
  m_AnchoredPosition: {x: 0, y: 0}
  m_SizeDelta: {x: 20, y: 20}
  m_Pivot: {x: 0.5, y: 0.5}
--- !u!114 &409994856
MonoBehaviour:
  m_ObjectHideFlags: 0
  m_CorrespondingSourceObject: {fileID: 0}
  m_PrefabInstance: {fileID: 0}
  m_PrefabAsset: {fileID: 0}
  m_GameObject: {fileID: 409994854}
  m_Enabled: 1
  m_EditorHideFlags: 0
  m_Script: {fileID: 11500000, guid: fe87c0e1cc204ed48ad3b37840f39efc, type: 3}
  m_Name: 
  m_EditorClassIdentifier: 
  m_Material: {fileID: 0}
  m_Color: {r: 0.81766987, g: 0.25, b: 1, a: 1}
  m_RaycastTarget: 1
  m_Maskable: 1
  m_OnCullStateChanged:
    m_PersistentCalls:
      m_Calls: []
  m_Sprite: {fileID: 10913, guid: 0000000000000000f000000000000000, type: 0}
  m_Type: 3
  m_PreserveAspect: 0
  m_FillCenter: 1
  m_FillMethod: 4
  m_FillAmount: 1
  m_FillClockwise: 1
  m_FillOrigin: 0
  m_UseSpriteMesh: 0
  m_PixelsPerUnitMultiplier: 1
--- !u!222 &409994857
CanvasRenderer:
  m_ObjectHideFlags: 0
  m_CorrespondingSourceObject: {fileID: 0}
  m_PrefabInstance: {fileID: 0}
  m_PrefabAsset: {fileID: 0}
  m_GameObject: {fileID: 409994854}
  m_CullTransparentMesh: 0
--- !u!1 &509280234
GameObject:
  m_ObjectHideFlags: 0
  m_CorrespondingSourceObject: {fileID: 0}
  m_PrefabInstance: {fileID: 0}
  m_PrefabAsset: {fileID: 0}
  serializedVersion: 6
  m_Component:
  - component: {fileID: 509280238}
  - component: {fileID: 509280237}
  - component: {fileID: 509280236}
  - component: {fileID: 509280235}
  m_Layer: 5
  m_Name: Canvas
  m_TagString: Untagged
  m_Icon: {fileID: 0}
  m_NavMeshLayer: 0
  m_StaticEditorFlags: 0
  m_IsActive: 1
--- !u!114 &509280235
MonoBehaviour:
  m_ObjectHideFlags: 0
  m_CorrespondingSourceObject: {fileID: 0}
  m_PrefabInstance: {fileID: 0}
  m_PrefabAsset: {fileID: 0}
  m_GameObject: {fileID: 509280234}
  m_Enabled: 1
  m_EditorHideFlags: 0
  m_Script: {fileID: 11500000, guid: dc42784cf147c0c48a680349fa168899, type: 3}
  m_Name: 
  m_EditorClassIdentifier: 
  m_IgnoreReversedGraphics: 1
  m_BlockingObjects: 0
  m_BlockingMask:
    serializedVersion: 2
    m_Bits: 4294967295
--- !u!114 &509280236
MonoBehaviour:
  m_ObjectHideFlags: 0
  m_CorrespondingSourceObject: {fileID: 0}
  m_PrefabInstance: {fileID: 0}
  m_PrefabAsset: {fileID: 0}
  m_GameObject: {fileID: 509280234}
  m_Enabled: 1
  m_EditorHideFlags: 0
  m_Script: {fileID: 11500000, guid: 0cd44c1031e13a943bb63640046fad76, type: 3}
  m_Name: 
  m_EditorClassIdentifier: 
  m_UiScaleMode: 0
  m_ReferencePixelsPerUnit: 100
  m_ScaleFactor: 1
  m_ReferenceResolution: {x: 800, y: 600}
  m_ScreenMatchMode: 0
  m_MatchWidthOrHeight: 0
  m_PhysicalUnit: 3
  m_FallbackScreenDPI: 96
  m_DefaultSpriteDPI: 96
  m_DynamicPixelsPerUnit: 1
--- !u!223 &509280237
Canvas:
  m_ObjectHideFlags: 0
  m_CorrespondingSourceObject: {fileID: 0}
  m_PrefabInstance: {fileID: 0}
  m_PrefabAsset: {fileID: 0}
  m_GameObject: {fileID: 509280234}
  m_Enabled: 1
  serializedVersion: 3
  m_RenderMode: 0
  m_Camera: {fileID: 0}
  m_PlaneDistance: 100
  m_PixelPerfect: 0
  m_ReceivesEvents: 1
  m_OverrideSorting: 0
  m_OverridePixelPerfect: 0
  m_SortingBucketNormalizedSize: 0
  m_AdditionalShaderChannelsFlag: 25
  m_SortingLayerID: 0
  m_SortingOrder: 0
  m_TargetDisplay: 0
--- !u!224 &509280238
RectTransform:
  m_ObjectHideFlags: 0
  m_CorrespondingSourceObject: {fileID: 0}
  m_PrefabInstance: {fileID: 0}
  m_PrefabAsset: {fileID: 0}
  m_GameObject: {fileID: 509280234}
  m_LocalRotation: {x: 0, y: 0, z: 0, w: 1}
  m_LocalPosition: {x: 0, y: 0, z: 0}
  m_LocalScale: {x: 0, y: 0, z: 0}
  m_Children:
  - {fileID: 1601356506}
  - {fileID: 1991543613}
  - {fileID: 779020972}
  m_Father: {fileID: 0}
  m_RootOrder: 4
  m_LocalEulerAnglesHint: {x: 0, y: 0, z: 0}
  m_AnchorMin: {x: 0, y: 0}
  m_AnchorMax: {x: 0, y: 0}
  m_AnchoredPosition: {x: 0, y: 0}
  m_SizeDelta: {x: 0, y: 0}
  m_Pivot: {x: 0, y: 0}
--- !u!1 &714269018
GameObject:
  m_ObjectHideFlags: 0
  m_CorrespondingSourceObject: {fileID: 0}
  m_PrefabInstance: {fileID: 0}
  m_PrefabAsset: {fileID: 0}
  serializedVersion: 6
  m_Component:
  - component: {fileID: 714269019}
  - component: {fileID: 714269022}
  - component: {fileID: 714269021}
  - component: {fileID: 714269020}
  m_Layer: 8
  m_Name: Cube (3)
  m_TagString: Untagged
  m_Icon: {fileID: 0}
  m_NavMeshLayer: 0
  m_StaticEditorFlags: 0
  m_IsActive: 1
--- !u!4 &714269019
Transform:
  m_ObjectHideFlags: 0
  m_CorrespondingSourceObject: {fileID: 0}
  m_PrefabInstance: {fileID: 0}
  m_PrefabAsset: {fileID: 0}
  m_GameObject: {fileID: 714269018}
  m_LocalRotation: {x: -0, y: -0, z: -0, w: 1}
  m_LocalPosition: {x: -2.14, y: 7.97, z: -4.03}
  m_LocalScale: {x: 1.6, y: 0.58, z: 3.51}
  m_Children: []
  m_Father: {fileID: 1327333481}
  m_RootOrder: 11
  m_LocalEulerAnglesHint: {x: 0, y: 0, z: 0}
--- !u!65 &714269020
BoxCollider:
  m_ObjectHideFlags: 0
  m_CorrespondingSourceObject: {fileID: 0}
  m_PrefabInstance: {fileID: 0}
  m_PrefabAsset: {fileID: 0}
  m_GameObject: {fileID: 714269018}
  m_Material: {fileID: 0}
  m_IsTrigger: 0
  m_Enabled: 1
  serializedVersion: 2
  m_Size: {x: 1, y: 1, z: 1}
  m_Center: {x: 0, y: 0, z: 0}
--- !u!23 &714269021
MeshRenderer:
  m_ObjectHideFlags: 0
  m_CorrespondingSourceObject: {fileID: 0}
  m_PrefabInstance: {fileID: 0}
  m_PrefabAsset: {fileID: 0}
  m_GameObject: {fileID: 714269018}
  m_Enabled: 1
  m_CastShadows: 1
  m_ReceiveShadows: 1
  m_DynamicOccludee: 1
  m_MotionVectors: 1
  m_LightProbeUsage: 1
  m_ReflectionProbeUsage: 1
  m_RayTracingMode: 2
  m_RenderingLayerMask: 1
  m_RendererPriority: 0
  m_Materials:
  - {fileID: 2100000, guid: 31321ba15b8f8eb4c954353edc038b1d, type: 2}
  m_StaticBatchInfo:
    firstSubMesh: 0
    subMeshCount: 0
  m_StaticBatchRoot: {fileID: 0}
  m_ProbeAnchor: {fileID: 0}
  m_LightProbeVolumeOverride: {fileID: 0}
  m_ScaleInLightmap: 1
  m_ReceiveGI: 1
  m_PreserveUVs: 0
  m_IgnoreNormalsForChartDetection: 0
  m_ImportantGI: 0
  m_StitchLightmapSeams: 1
  m_SelectedEditorRenderState: 3
  m_MinimumChartSize: 4
  m_AutoUVMaxDistance: 0.5
  m_AutoUVMaxAngle: 89
  m_LightmapParameters: {fileID: 0}
  m_SortingLayerID: 0
  m_SortingLayer: 0
  m_SortingOrder: 0
--- !u!33 &714269022
MeshFilter:
  m_ObjectHideFlags: 0
  m_CorrespondingSourceObject: {fileID: 0}
  m_PrefabInstance: {fileID: 0}
  m_PrefabAsset: {fileID: 0}
  m_GameObject: {fileID: 714269018}
  m_Mesh: {fileID: 10202, guid: 0000000000000000e000000000000000, type: 0}
--- !u!1 &719228327
GameObject:
  m_ObjectHideFlags: 0
  m_CorrespondingSourceObject: {fileID: 0}
  m_PrefabInstance: {fileID: 0}
  m_PrefabAsset: {fileID: 0}
  serializedVersion: 6
  m_Component:
  - component: {fileID: 719228329}
  - component: {fileID: 719228328}
  m_Layer: 0
  m_Name: Global Scripts
  m_TagString: Untagged
  m_Icon: {fileID: 0}
  m_NavMeshLayer: 0
  m_StaticEditorFlags: 0
  m_IsActive: 1
--- !u!114 &719228328
MonoBehaviour:
  m_ObjectHideFlags: 0
  m_CorrespondingSourceObject: {fileID: 0}
  m_PrefabInstance: {fileID: 0}
  m_PrefabAsset: {fileID: 0}
  m_GameObject: {fileID: 719228327}
  m_Enabled: 1
  m_EditorHideFlags: 0
  m_Script: {fileID: 11500000, guid: 95a04c9641c25964e9734ae1907fa326, type: 3}
  m_Name: 
  m_EditorClassIdentifier: 
  groundMaterialChecker: {fileID: 0}
  outdoorsVolume: 0.6
  indoorsVolume: 0.1
  musicSource: {fileID: 0}
  footstepsSource: {fileID: 0}
  blizzardSource: {fileID: 0}
  SnowWalkingSound: {fileID: 8300000, guid: f24b0956ecb73154d957029892a1e5f9, type: 3}
  ConcreteWalkingSound: {fileID: 8300000, guid: 5187d4dfd766b6a4785beb3933409cd8,
    type: 3}
--- !u!4 &719228329
Transform:
  m_ObjectHideFlags: 0
  m_CorrespondingSourceObject: {fileID: 0}
  m_PrefabInstance: {fileID: 0}
  m_PrefabAsset: {fileID: 0}
  m_GameObject: {fileID: 719228327}
  m_LocalRotation: {x: 0, y: 0, z: 0, w: 1}
  m_LocalPosition: {x: -6.974152, y: 13.799986, z: -10.332018}
  m_LocalScale: {x: 1, y: 1, z: 1}
  m_Children: []
  m_Father: {fileID: 0}
  m_RootOrder: 0
  m_LocalEulerAnglesHint: {x: 0, y: 0, z: 0}
--- !u!1 &744753896
GameObject:
  m_ObjectHideFlags: 0
  m_CorrespondingSourceObject: {fileID: 0}
  m_PrefabInstance: {fileID: 0}
  m_PrefabAsset: {fileID: 0}
  serializedVersion: 6
  m_Component:
  - component: {fileID: 744753897}
  - component: {fileID: 744753899}
  - component: {fileID: 744753898}
  m_Layer: 5
  m_Name: Text (TMP)
  m_TagString: Untagged
  m_Icon: {fileID: 0}
  m_NavMeshLayer: 0
  m_StaticEditorFlags: 0
  m_IsActive: 1
--- !u!224 &744753897
RectTransform:
  m_ObjectHideFlags: 0
  m_CorrespondingSourceObject: {fileID: 0}
  m_PrefabInstance: {fileID: 0}
  m_PrefabAsset: {fileID: 0}
  m_GameObject: {fileID: 744753896}
  m_LocalRotation: {x: 0, y: 0, z: 0, w: 1}
  m_LocalPosition: {x: 0, y: 0, z: 0}
  m_LocalScale: {x: 1, y: 1, z: 1}
  m_Children: []
  m_Father: {fileID: 409994855}
  m_RootOrder: 0
  m_LocalEulerAnglesHint: {x: 0, y: 0, z: 0}
  m_AnchorMin: {x: 0.5, y: 0.5}
  m_AnchorMax: {x: 0.5, y: 0.5}
  m_AnchoredPosition: {x: 0, y: -30}
  m_SizeDelta: {x: 170.08, y: 20.117462}
  m_Pivot: {x: 0.5, y: 0.5}
--- !u!114 &744753898
MonoBehaviour:
  m_ObjectHideFlags: 0
  m_CorrespondingSourceObject: {fileID: 0}
  m_PrefabInstance: {fileID: 0}
  m_PrefabAsset: {fileID: 0}
  m_GameObject: {fileID: 744753896}
  m_Enabled: 1
  m_EditorHideFlags: 0
  m_Script: {fileID: 11500000, guid: f4688fdb7df04437aeb418b961361dc5, type: 3}
  m_Name: 
  m_EditorClassIdentifier: 
  m_Material: {fileID: 0}
  m_Color: {r: 1, g: 1, b: 1, a: 1}
  m_RaycastTarget: 1
  m_Maskable: 1
  m_OnCullStateChanged:
    m_PersistentCalls:
      m_Calls: []
  m_text: "\u0412\u0437\u0430\u0438\u043C\u043E\u0434\u0435\u0439\u0441\u0442\u0432\u043E\u0432\u0430\u0442\u044C"
  m_isRightToLeft: 0
  m_fontAsset: {fileID: 11400000, guid: 2e498d1c8094910479dc3e1b768306a4, type: 2}
  m_sharedMaterial: {fileID: 2180264, guid: 2e498d1c8094910479dc3e1b768306a4, type: 2}
  m_fontSharedMaterials: []
  m_fontMaterial: {fileID: 0}
  m_fontMaterials: []
  m_fontColor32:
    serializedVersion: 2
    rgba: 4294967295
  m_fontColor: {r: 1, g: 1, b: 1, a: 1}
  m_enableVertexGradient: 0
  m_colorMode: 3
  m_fontColorGradient:
    topLeft: {r: 1, g: 1, b: 1, a: 1}
    topRight: {r: 1, g: 1, b: 1, a: 1}
    bottomLeft: {r: 1, g: 1, b: 1, a: 1}
    bottomRight: {r: 1, g: 1, b: 1, a: 1}
  m_fontColorGradientPreset: {fileID: 0}
  m_spriteAsset: {fileID: 0}
  m_tintAllSprites: 0
  m_StyleSheet: {fileID: 0}
  m_TextStyleHashCode: -1183493901
  m_overrideHtmlColors: 0
  m_faceColor:
    serializedVersion: 2
    rgba: 4294967295
  m_fontSize: 18
  m_fontSizeBase: 14
  m_fontWeight: 400
  m_enableAutoSizing: 1
  m_fontSizeMin: 18
  m_fontSizeMax: 72
  m_fontStyle: 0
  m_HorizontalAlignment: 2
  m_VerticalAlignment: 512
  m_textAlignment: 65535
  m_characterSpacing: 0
  m_wordSpacing: 0
  m_lineSpacing: 0
  m_lineSpacingMax: 0
  m_paragraphSpacing: 0
  m_charWidthMaxAdj: 0
  m_enableWordWrapping: 1
  m_wordWrappingRatios: 0.4
  m_overflowMode: 0
  m_linkedTextComponent: {fileID: 0}
  parentLinkedComponent: {fileID: 0}
  m_enableKerning: 1
  m_enableExtraPadding: 0
  checkPaddingRequired: 0
  m_isRichText: 1
  m_parseCtrlCharacters: 1
  m_isOrthographic: 1
  m_isCullingEnabled: 0
  m_horizontalMapping: 0
  m_verticalMapping: 0
  m_uvLineOffset: 0
  m_geometrySortingOrder: 0
  m_IsTextObjectScaleStatic: 0
  m_VertexBufferAutoSizeReduction: 1
  m_useMaxVisibleDescender: 1
  m_pageToDisplay: 1
  m_margin: {x: 0, y: 0, z: 0, w: 0}
  m_isUsingLegacyAnimationComponent: 0
  m_isVolumetricText: 0
  m_hasFontAssetChanged: 0
  m_baseMaterial: {fileID: 0}
  m_maskOffset: {x: 0, y: 0, z: 0, w: 0}
--- !u!222 &744753899
CanvasRenderer:
  m_ObjectHideFlags: 0
  m_CorrespondingSourceObject: {fileID: 0}
  m_PrefabInstance: {fileID: 0}
  m_PrefabAsset: {fileID: 0}
  m_GameObject: {fileID: 744753896}
  m_CullTransparentMesh: 0
--- !u!1 &758945209
GameObject:
  m_ObjectHideFlags: 0
  m_CorrespondingSourceObject: {fileID: 0}
  m_PrefabInstance: {fileID: 0}
  m_PrefabAsset: {fileID: 0}
  serializedVersion: 6
  m_Component:
  - component: {fileID: 758945210}
  - component: {fileID: 758945213}
  - component: {fileID: 758945212}
  - component: {fileID: 758945211}
  m_Layer: 8
  m_Name: Cube (1)
  m_TagString: Untagged
  m_Icon: {fileID: 0}
  m_NavMeshLayer: 0
  m_StaticEditorFlags: 0
  m_IsActive: 1
--- !u!4 &758945210
Transform:
  m_ObjectHideFlags: 0
  m_CorrespondingSourceObject: {fileID: 0}
  m_PrefabInstance: {fileID: 0}
  m_PrefabAsset: {fileID: 0}
  m_GameObject: {fileID: 758945209}
  m_LocalRotation: {x: -0, y: -0, z: -0, w: 1}
  m_LocalPosition: {x: 0.47573805, y: 8.186046, z: 9.2782755}
  m_LocalScale: {x: 1, y: 1, z: 1}
  m_Children: []
  m_Father: {fileID: 1327333481}
  m_RootOrder: 3
  m_LocalEulerAnglesHint: {x: 0, y: 0, z: 0}
--- !u!65 &758945211
BoxCollider:
  m_ObjectHideFlags: 0
  m_CorrespondingSourceObject: {fileID: 0}
  m_PrefabInstance: {fileID: 0}
  m_PrefabAsset: {fileID: 0}
  m_GameObject: {fileID: 758945209}
  m_Material: {fileID: 0}
  m_IsTrigger: 0
  m_Enabled: 1
  serializedVersion: 2
  m_Size: {x: 1, y: 1, z: 1}
  m_Center: {x: 0, y: 0, z: 0}
--- !u!23 &758945212
MeshRenderer:
  m_ObjectHideFlags: 0
  m_CorrespondingSourceObject: {fileID: 0}
  m_PrefabInstance: {fileID: 0}
  m_PrefabAsset: {fileID: 0}
  m_GameObject: {fileID: 758945209}
  m_Enabled: 1
  m_CastShadows: 1
  m_ReceiveShadows: 1
  m_DynamicOccludee: 1
  m_MotionVectors: 1
  m_LightProbeUsage: 1
  m_ReflectionProbeUsage: 1
  m_RayTracingMode: 2
  m_RenderingLayerMask: 1
  m_RendererPriority: 0
  m_Materials:
  - {fileID: 2100000, guid: 31321ba15b8f8eb4c954353edc038b1d, type: 2}
  m_StaticBatchInfo:
    firstSubMesh: 0
    subMeshCount: 0
  m_StaticBatchRoot: {fileID: 0}
  m_ProbeAnchor: {fileID: 0}
  m_LightProbeVolumeOverride: {fileID: 0}
  m_ScaleInLightmap: 1
  m_ReceiveGI: 1
  m_PreserveUVs: 0
  m_IgnoreNormalsForChartDetection: 0
  m_ImportantGI: 0
  m_StitchLightmapSeams: 1
  m_SelectedEditorRenderState: 3
  m_MinimumChartSize: 4
  m_AutoUVMaxDistance: 0.5
  m_AutoUVMaxAngle: 89
  m_LightmapParameters: {fileID: 0}
  m_SortingLayerID: 0
  m_SortingLayer: 0
  m_SortingOrder: 0
--- !u!33 &758945213
MeshFilter:
  m_ObjectHideFlags: 0
  m_CorrespondingSourceObject: {fileID: 0}
  m_PrefabInstance: {fileID: 0}
  m_PrefabAsset: {fileID: 0}
  m_GameObject: {fileID: 758945209}
  m_Mesh: {fileID: 10202, guid: 0000000000000000e000000000000000, type: 0}
--- !u!1 &779020971
GameObject:
  m_ObjectHideFlags: 0
  m_CorrespondingSourceObject: {fileID: 0}
  m_PrefabInstance: {fileID: 0}
  m_PrefabAsset: {fileID: 0}
  serializedVersion: 6
  m_Component:
  - component: {fileID: 779020972}
  - component: {fileID: 779020975}
  - component: {fileID: 779020974}
  - component: {fileID: 779020973}
  - component: {fileID: 779020976}
  m_Layer: 5
  m_Name: Fade
  m_TagString: Untagged
  m_Icon: {fileID: 0}
  m_NavMeshLayer: 0
  m_StaticEditorFlags: 0
  m_IsActive: 1
--- !u!224 &779020972
RectTransform:
  m_ObjectHideFlags: 0
  m_CorrespondingSourceObject: {fileID: 0}
  m_PrefabInstance: {fileID: 0}
  m_PrefabAsset: {fileID: 0}
  m_GameObject: {fileID: 779020971}
  m_LocalRotation: {x: 0, y: 0, z: 0, w: 1}
  m_LocalPosition: {x: 0, y: 0, z: 0}
  m_LocalScale: {x: 1, y: 1, z: 1}
  m_Children: []
  m_Father: {fileID: 509280238}
  m_RootOrder: 2
  m_LocalEulerAnglesHint: {x: 0, y: 0, z: 0}
  m_AnchorMin: {x: 0, y: 0}
  m_AnchorMax: {x: 1, y: 1}
  m_AnchoredPosition: {x: 0, y: 0}
  m_SizeDelta: {x: 0, y: 0}
  m_Pivot: {x: 0.5, y: 0.5}
--- !u!95 &779020973
Animator:
  serializedVersion: 3
  m_ObjectHideFlags: 0
  m_CorrespondingSourceObject: {fileID: 0}
  m_PrefabInstance: {fileID: 0}
  m_PrefabAsset: {fileID: 0}
  m_GameObject: {fileID: 779020971}
  m_Enabled: 1
  m_Avatar: {fileID: 0}
  m_Controller: {fileID: 9100000, guid: 3ebe9910595c49a469611371c2b610bf, type: 2}
  m_CullingMode: 0
  m_UpdateMode: 0
  m_ApplyRootMotion: 0
  m_LinearVelocityBlending: 0
  m_WarningMessage: 
  m_HasTransformHierarchy: 1
  m_AllowConstantClipSamplingOptimization: 1
  m_KeepAnimatorControllerStateOnDisable: 0
--- !u!114 &779020974
MonoBehaviour:
  m_ObjectHideFlags: 0
  m_CorrespondingSourceObject: {fileID: 0}
  m_PrefabInstance: {fileID: 0}
  m_PrefabAsset: {fileID: 0}
  m_GameObject: {fileID: 779020971}
  m_Enabled: 1
  m_EditorHideFlags: 0
  m_Script: {fileID: 11500000, guid: fe87c0e1cc204ed48ad3b37840f39efc, type: 3}
  m_Name: 
  m_EditorClassIdentifier: 
  m_Material: {fileID: 0}
  m_Color: {r: 0, g: 0, b: 0, a: 1}
  m_RaycastTarget: 1
  m_Maskable: 1
  m_OnCullStateChanged:
    m_PersistentCalls:
      m_Calls: []
  m_Sprite: {fileID: 0}
  m_Type: 0
  m_PreserveAspect: 0
  m_FillCenter: 1
  m_FillMethod: 4
  m_FillAmount: 1
  m_FillClockwise: 1
  m_FillOrigin: 0
  m_UseSpriteMesh: 0
  m_PixelsPerUnitMultiplier: 1
--- !u!222 &779020975
CanvasRenderer:
  m_ObjectHideFlags: 0
  m_CorrespondingSourceObject: {fileID: 0}
  m_PrefabInstance: {fileID: 0}
  m_PrefabAsset: {fileID: 0}
  m_GameObject: {fileID: 779020971}
  m_CullTransparentMesh: 0
--- !u!114 &779020976
MonoBehaviour:
  m_ObjectHideFlags: 0
  m_CorrespondingSourceObject: {fileID: 0}
  m_PrefabInstance: {fileID: 0}
  m_PrefabAsset: {fileID: 0}
  m_GameObject: {fileID: 779020971}
  m_Enabled: 1
  m_EditorHideFlags: 0
  m_Script: {fileID: 11500000, guid: 2f99a71daef26084db584a35114937ec, type: 3}
  m_Name: 
  m_EditorClassIdentifier: 
  fadeInDelay: 3
--- !u!114 &836369413 stripped
MonoBehaviour:
  m_CorrespondingSourceObject: {fileID: 488527534403553010, guid: 13b51c98045a2b443b3e54570e4f88b1,
    type: 3}
  m_PrefabInstance: {fileID: 1144930665}
  m_PrefabAsset: {fileID: 0}
  m_GameObject: {fileID: 0}
  m_Enabled: 1
  m_EditorHideFlags: 0
  m_Script: {fileID: 11500000, guid: 0a3193998a8cc754d914100dd6a66ffc, type: 3}
  m_Name: 
  m_EditorClassIdentifier: 
--- !u!1 &994183307
GameObject:
  m_ObjectHideFlags: 0
  m_CorrespondingSourceObject: {fileID: 0}
  m_PrefabInstance: {fileID: 0}
  m_PrefabAsset: {fileID: 0}
  serializedVersion: 6
  m_Component:
  - component: {fileID: 994183308}
  - component: {fileID: 994183311}
  - component: {fileID: 994183310}
  - component: {fileID: 994183309}
  m_Layer: 8
  m_Name: Cube
  m_TagString: Untagged
  m_Icon: {fileID: 0}
  m_NavMeshLayer: 0
  m_StaticEditorFlags: 0
  m_IsActive: 1
--- !u!4 &994183308
Transform:
  m_ObjectHideFlags: 0
  m_CorrespondingSourceObject: {fileID: 0}
  m_PrefabInstance: {fileID: 0}
  m_PrefabAsset: {fileID: 0}
  m_GameObject: {fileID: 994183307}
  m_LocalRotation: {x: -0, y: -0, z: -0, w: 1}
  m_LocalPosition: {x: -6.964, y: 8.68, z: 7.75}
  m_LocalScale: {x: 2.74, y: 2.61, z: 1}
  m_Children: []
  m_Father: {fileID: 1327333481}
  m_RootOrder: 2
  m_LocalEulerAnglesHint: {x: 0, y: 0, z: 0}
--- !u!65 &994183309
BoxCollider:
  m_ObjectHideFlags: 0
  m_CorrespondingSourceObject: {fileID: 0}
  m_PrefabInstance: {fileID: 0}
  m_PrefabAsset: {fileID: 0}
  m_GameObject: {fileID: 994183307}
  m_Material: {fileID: 0}
  m_IsTrigger: 0
  m_Enabled: 1
  serializedVersion: 2
  m_Size: {x: 1, y: 1, z: 1}
  m_Center: {x: 0, y: 0, z: 0}
--- !u!23 &994183310
MeshRenderer:
  m_ObjectHideFlags: 0
  m_CorrespondingSourceObject: {fileID: 0}
  m_PrefabInstance: {fileID: 0}
  m_PrefabAsset: {fileID: 0}
  m_GameObject: {fileID: 994183307}
  m_Enabled: 1
  m_CastShadows: 1
  m_ReceiveShadows: 1
  m_DynamicOccludee: 1
  m_MotionVectors: 1
  m_LightProbeUsage: 1
  m_ReflectionProbeUsage: 1
  m_RayTracingMode: 2
  m_RenderingLayerMask: 1
  m_RendererPriority: 0
  m_Materials:
  - {fileID: 2100000, guid: 31321ba15b8f8eb4c954353edc038b1d, type: 2}
  m_StaticBatchInfo:
    firstSubMesh: 0
    subMeshCount: 0
  m_StaticBatchRoot: {fileID: 0}
  m_ProbeAnchor: {fileID: 0}
  m_LightProbeVolumeOverride: {fileID: 0}
  m_ScaleInLightmap: 1
  m_ReceiveGI: 1
  m_PreserveUVs: 0
  m_IgnoreNormalsForChartDetection: 0
  m_ImportantGI: 0
  m_StitchLightmapSeams: 1
  m_SelectedEditorRenderState: 3
  m_MinimumChartSize: 4
  m_AutoUVMaxDistance: 0.5
  m_AutoUVMaxAngle: 89
  m_LightmapParameters: {fileID: 0}
  m_SortingLayerID: 0
  m_SortingLayer: 0
  m_SortingOrder: 0
--- !u!33 &994183311
MeshFilter:
  m_ObjectHideFlags: 0
  m_CorrespondingSourceObject: {fileID: 0}
  m_PrefabInstance: {fileID: 0}
  m_PrefabAsset: {fileID: 0}
  m_GameObject: {fileID: 994183307}
  m_Mesh: {fileID: 10202, guid: 0000000000000000e000000000000000, type: 0}
--- !u!1001 &1144930665
PrefabInstance:
  m_ObjectHideFlags: 0
  serializedVersion: 2
  m_Modification:
    m_TransformParent: {fileID: 1481670924}
    m_Modifications:
    - target: {fileID: 2996228596606319477, guid: 13b51c98045a2b443b3e54570e4f88b1,
        type: 3}
      propertyPath: m_Name
      value: CupWithSnow
      objectReference: {fileID: 0}
    - target: {fileID: 5890603087644389572, guid: 13b51c98045a2b443b3e54570e4f88b1,
        type: 3}
      propertyPath: m_LocalPosition.x
      value: 0
      objectReference: {fileID: 0}
    - target: {fileID: 5890603087644389572, guid: 13b51c98045a2b443b3e54570e4f88b1,
        type: 3}
      propertyPath: m_LocalPosition.y
      value: 0
      objectReference: {fileID: 0}
    - target: {fileID: 5890603087644389572, guid: 13b51c98045a2b443b3e54570e4f88b1,
        type: 3}
      propertyPath: m_LocalPosition.z
      value: 0
      objectReference: {fileID: 0}
    - target: {fileID: 5890603087644389572, guid: 13b51c98045a2b443b3e54570e4f88b1,
        type: 3}
      propertyPath: m_LocalRotation.x
      value: 0
      objectReference: {fileID: 0}
    - target: {fileID: 5890603087644389572, guid: 13b51c98045a2b443b3e54570e4f88b1,
        type: 3}
      propertyPath: m_LocalRotation.y
      value: 0
      objectReference: {fileID: 0}
    - target: {fileID: 5890603087644389572, guid: 13b51c98045a2b443b3e54570e4f88b1,
        type: 3}
      propertyPath: m_LocalRotation.z
      value: 0
      objectReference: {fileID: 0}
    - target: {fileID: 5890603087644389572, guid: 13b51c98045a2b443b3e54570e4f88b1,
        type: 3}
      propertyPath: m_LocalRotation.w
      value: 1
      objectReference: {fileID: 0}
    - target: {fileID: 5890603087644389572, guid: 13b51c98045a2b443b3e54570e4f88b1,
        type: 3}
      propertyPath: m_RootOrder
      value: 1
      objectReference: {fileID: 0}
    - target: {fileID: 5890603087644389572, guid: 13b51c98045a2b443b3e54570e4f88b1,
        type: 3}
      propertyPath: m_LocalEulerAnglesHint.x
      value: 0
      objectReference: {fileID: 0}
    - target: {fileID: 5890603087644389572, guid: 13b51c98045a2b443b3e54570e4f88b1,
        type: 3}
      propertyPath: m_LocalEulerAnglesHint.y
      value: 0
      objectReference: {fileID: 0}
    - target: {fileID: 5890603087644389572, guid: 13b51c98045a2b443b3e54570e4f88b1,
        type: 3}
      propertyPath: m_LocalEulerAnglesHint.z
      value: 0
      objectReference: {fileID: 0}
    m_RemovedComponents: []
  m_SourcePrefab: {fileID: 100100000, guid: 13b51c98045a2b443b3e54570e4f88b1, type: 3}
--- !u!4 &1144930666 stripped
Transform:
  m_CorrespondingSourceObject: {fileID: 5890603087644389572, guid: 13b51c98045a2b443b3e54570e4f88b1,
    type: 3}
  m_PrefabInstance: {fileID: 1144930665}
  m_PrefabAsset: {fileID: 0}
--- !u!1001 &1284197696
PrefabInstance:
  m_ObjectHideFlags: 0
  serializedVersion: 2
  m_Modification:
    m_TransformParent: {fileID: 1481670924}
    m_Modifications:
    - target: {fileID: 488527534403553010, guid: ae32fbe11ce304742a5c8c0867fadccb,
        type: 3}
      propertyPath: interactedSlot
      value: 
      objectReference: {fileID: 9184824240214053100}
    - target: {fileID: 2996228596606319477, guid: ae32fbe11ce304742a5c8c0867fadccb,
        type: 3}
      propertyPath: m_Name
      value: EmptyCup
      objectReference: {fileID: 0}
    - target: {fileID: 5890603087644389572, guid: ae32fbe11ce304742a5c8c0867fadccb,
        type: 3}
      propertyPath: m_LocalPosition.x
      value: 0
      objectReference: {fileID: 0}
    - target: {fileID: 5890603087644389572, guid: ae32fbe11ce304742a5c8c0867fadccb,
        type: 3}
      propertyPath: m_LocalPosition.y
      value: 0
      objectReference: {fileID: 0}
    - target: {fileID: 5890603087644389572, guid: ae32fbe11ce304742a5c8c0867fadccb,
        type: 3}
      propertyPath: m_LocalPosition.z
      value: 0
      objectReference: {fileID: 0}
    - target: {fileID: 5890603087644389572, guid: ae32fbe11ce304742a5c8c0867fadccb,
        type: 3}
      propertyPath: m_LocalRotation.x
      value: 0
      objectReference: {fileID: 0}
    - target: {fileID: 5890603087644389572, guid: ae32fbe11ce304742a5c8c0867fadccb,
        type: 3}
      propertyPath: m_LocalRotation.y
      value: 0
      objectReference: {fileID: 0}
    - target: {fileID: 5890603087644389572, guid: ae32fbe11ce304742a5c8c0867fadccb,
        type: 3}
      propertyPath: m_LocalRotation.z
      value: 0
      objectReference: {fileID: 0}
    - target: {fileID: 5890603087644389572, guid: ae32fbe11ce304742a5c8c0867fadccb,
        type: 3}
      propertyPath: m_LocalRotation.w
      value: 1
      objectReference: {fileID: 0}
    - target: {fileID: 5890603087644389572, guid: ae32fbe11ce304742a5c8c0867fadccb,
        type: 3}
      propertyPath: m_RootOrder
      value: 0
      objectReference: {fileID: 0}
    - target: {fileID: 5890603087644389572, guid: ae32fbe11ce304742a5c8c0867fadccb,
        type: 3}
      propertyPath: m_LocalEulerAnglesHint.x
      value: 0
      objectReference: {fileID: 0}
    - target: {fileID: 5890603087644389572, guid: ae32fbe11ce304742a5c8c0867fadccb,
        type: 3}
      propertyPath: m_LocalEulerAnglesHint.y
      value: 0
      objectReference: {fileID: 0}
    - target: {fileID: 5890603087644389572, guid: ae32fbe11ce304742a5c8c0867fadccb,
        type: 3}
      propertyPath: m_LocalEulerAnglesHint.z
      value: 0
      objectReference: {fileID: 0}
    m_RemovedComponents: []
  m_SourcePrefab: {fileID: 100100000, guid: ae32fbe11ce304742a5c8c0867fadccb, type: 3}
--- !u!1 &1327333480
GameObject:
  m_ObjectHideFlags: 0
  m_CorrespondingSourceObject: {fileID: 0}
  m_PrefabInstance: {fileID: 0}
  m_PrefabAsset: {fileID: 0}
  serializedVersion: 6
  m_Component:
  - component: {fileID: 1327333481}
  m_Layer: 8
  m_Name: Test Level
  m_TagString: Untagged
  m_Icon: {fileID: 0}
  m_NavMeshLayer: 0
  m_StaticEditorFlags: 0
  m_IsActive: 1
--- !u!4 &1327333481
Transform:
  m_ObjectHideFlags: 0
  m_CorrespondingSourceObject: {fileID: 0}
  m_PrefabInstance: {fileID: 0}
  m_PrefabAsset: {fileID: 0}
  m_GameObject: {fileID: 1327333480}
  m_LocalRotation: {x: 0, y: 0, z: 0, w: 1}
  m_LocalPosition: {x: 2.294262, y: -7.656046, z: -1.5782757}
  m_LocalScale: {x: 1, y: 1, z: 1}
  m_Children:
  - {fileID: 1955418587}
  - {fileID: 130181205}
  - {fileID: 994183308}
  - {fileID: 758945210}
  - {fileID: 1438682370}
  - {fileID: 4301607635607965481}
  - {fileID: 7512034232686122233}
  - {fileID: 7512034233880850337}
  - {fileID: 7512034234548813478}
  - {fileID: 56696367}
  - {fileID: 1481670924}
  - {fileID: 714269019}
  m_Father: {fileID: 0}
  m_RootOrder: 3
  m_LocalEulerAnglesHint: {x: 0, y: 0, z: 0}
--- !u!4 &1438682370 stripped
Transform:
  m_CorrespondingSourceObject: {fileID: 2007019241541913264, guid: 9453196ce50b3e145b54bad25c585acc,
    type: 3}
  m_PrefabInstance: {fileID: 6630773116567766619}
  m_PrefabAsset: {fileID: 0}
--- !u!1 &1481670923
GameObject:
  m_ObjectHideFlags: 0
  m_CorrespondingSourceObject: {fileID: 0}
  m_PrefabInstance: {fileID: 0}
  m_PrefabAsset: {fileID: 0}
  serializedVersion: 6
  m_Component:
  - component: {fileID: 1481670924}
  m_Layer: 0
  m_Name: InteractionResultStartPlace
  m_TagString: Untagged
  m_Icon: {fileID: 0}
  m_NavMeshLayer: 0
  m_StaticEditorFlags: 0
  m_IsActive: 1
--- !u!4 &1481670924
Transform:
  m_ObjectHideFlags: 0
  m_CorrespondingSourceObject: {fileID: 0}
  m_PrefabInstance: {fileID: 0}
  m_PrefabAsset: {fileID: 0}
  m_GameObject: {fileID: 1481670923}
  m_LocalRotation: {x: -0, y: -0, z: -0, w: 1}
  m_LocalPosition: {x: -4.8155556, y: -20.2, z: 6.373627}
  m_LocalScale: {x: 1, y: 1, z: 1}
  m_Children:
  - {fileID: 1985384592}
  - {fileID: 1144930666}
  - {fileID: 1869342437}
  - {fileID: 543450652809798338}
  - {fileID: 6993747}
  m_Father: {fileID: 1327333481}
  m_RootOrder: 10
  m_LocalEulerAnglesHint: {x: 0, y: 0, z: 0}
--- !u!1 &1601356505
GameObject:
  m_ObjectHideFlags: 0
  m_CorrespondingSourceObject: {fileID: 0}
  m_PrefabInstance: {fileID: 0}
  m_PrefabAsset: {fileID: 0}
  serializedVersion: 6
  m_Component:
  - component: {fileID: 1601356506}
  - component: {fileID: 1601356508}
  - component: {fileID: 1601356507}
  m_Layer: 5
  m_Name: Crosshair
  m_TagString: Untagged
  m_Icon: {fileID: 0}
  m_NavMeshLayer: 0
  m_StaticEditorFlags: 0
  m_IsActive: 1
--- !u!224 &1601356506
RectTransform:
  m_ObjectHideFlags: 0
  m_CorrespondingSourceObject: {fileID: 0}
  m_PrefabInstance: {fileID: 0}
  m_PrefabAsset: {fileID: 0}
  m_GameObject: {fileID: 1601356505}
  m_LocalRotation: {x: 0, y: 0, z: 0, w: 1}
  m_LocalPosition: {x: 0, y: 0, z: 0}
  m_LocalScale: {x: 1, y: 1, z: 1}
  m_Children: []
  m_Father: {fileID: 509280238}
  m_RootOrder: 0
  m_LocalEulerAnglesHint: {x: 0, y: 0, z: 0}
  m_AnchorMin: {x: 0.5, y: 0.5}
  m_AnchorMax: {x: 0.5, y: 0.5}
  m_AnchoredPosition: {x: 0, y: 0}
  m_SizeDelta: {x: 5, y: 5}
  m_Pivot: {x: 0.5, y: 0.5}
--- !u!114 &1601356507
MonoBehaviour:
  m_ObjectHideFlags: 0
  m_CorrespondingSourceObject: {fileID: 0}
  m_PrefabInstance: {fileID: 0}
  m_PrefabAsset: {fileID: 0}
  m_GameObject: {fileID: 1601356505}
  m_Enabled: 1
  m_EditorHideFlags: 0
  m_Script: {fileID: 11500000, guid: fe87c0e1cc204ed48ad3b37840f39efc, type: 3}
  m_Name: 
  m_EditorClassIdentifier: 
  m_Material: {fileID: 0}
  m_Color: {r: 1, g: 0.6849165, b: 0.25943398, a: 1}
  m_RaycastTarget: 1
  m_Maskable: 1
  m_OnCullStateChanged:
    m_PersistentCalls:
      m_Calls: []
  m_Sprite: {fileID: 10913, guid: 0000000000000000f000000000000000, type: 0}
  m_Type: 0
  m_PreserveAspect: 0
  m_FillCenter: 1
  m_FillMethod: 4
  m_FillAmount: 1
  m_FillClockwise: 1
  m_FillOrigin: 0
  m_UseSpriteMesh: 0
  m_PixelsPerUnitMultiplier: 1
--- !u!222 &1601356508
CanvasRenderer:
  m_ObjectHideFlags: 0
  m_CorrespondingSourceObject: {fileID: 0}
  m_PrefabInstance: {fileID: 0}
  m_PrefabAsset: {fileID: 0}
  m_GameObject: {fileID: 1601356505}
  m_CullTransparentMesh: 0
--- !u!1001 &1869342436
PrefabInstance:
  m_ObjectHideFlags: 0
  serializedVersion: 2
  m_Modification:
    m_TransformParent: {fileID: 1481670924}
    m_Modifications:
    - target: {fileID: 488527534403553010, guid: bdb91b1d0a11a2649a3b7b83c7cfd46c,
        type: 3}
      propertyPath: interactedSlot
      value: 
      objectReference: {fileID: 9184824240214053100}
    - target: {fileID: 2996228596606319477, guid: bdb91b1d0a11a2649a3b7b83c7cfd46c,
        type: 3}
      propertyPath: m_Name
      value: CupWithWater
      objectReference: {fileID: 0}
    - target: {fileID: 5890603087644389572, guid: bdb91b1d0a11a2649a3b7b83c7cfd46c,
        type: 3}
      propertyPath: m_LocalPosition.x
      value: 0
      objectReference: {fileID: 0}
    - target: {fileID: 5890603087644389572, guid: bdb91b1d0a11a2649a3b7b83c7cfd46c,
        type: 3}
      propertyPath: m_LocalPosition.y
      value: 0
      objectReference: {fileID: 0}
    - target: {fileID: 5890603087644389572, guid: bdb91b1d0a11a2649a3b7b83c7cfd46c,
        type: 3}
      propertyPath: m_LocalPosition.z
      value: 0
      objectReference: {fileID: 0}
    - target: {fileID: 5890603087644389572, guid: bdb91b1d0a11a2649a3b7b83c7cfd46c,
        type: 3}
      propertyPath: m_LocalRotation.x
      value: 0
      objectReference: {fileID: 0}
    - target: {fileID: 5890603087644389572, guid: bdb91b1d0a11a2649a3b7b83c7cfd46c,
        type: 3}
      propertyPath: m_LocalRotation.y
      value: 0
      objectReference: {fileID: 0}
    - target: {fileID: 5890603087644389572, guid: bdb91b1d0a11a2649a3b7b83c7cfd46c,
        type: 3}
      propertyPath: m_LocalRotation.z
      value: 0
      objectReference: {fileID: 0}
    - target: {fileID: 5890603087644389572, guid: bdb91b1d0a11a2649a3b7b83c7cfd46c,
        type: 3}
      propertyPath: m_LocalRotation.w
      value: 1
      objectReference: {fileID: 0}
    - target: {fileID: 5890603087644389572, guid: bdb91b1d0a11a2649a3b7b83c7cfd46c,
        type: 3}
      propertyPath: m_RootOrder
      value: 2
      objectReference: {fileID: 0}
    - target: {fileID: 5890603087644389572, guid: bdb91b1d0a11a2649a3b7b83c7cfd46c,
        type: 3}
      propertyPath: m_LocalEulerAnglesHint.x
      value: 0
      objectReference: {fileID: 0}
    - target: {fileID: 5890603087644389572, guid: bdb91b1d0a11a2649a3b7b83c7cfd46c,
        type: 3}
      propertyPath: m_LocalEulerAnglesHint.y
      value: 0
      objectReference: {fileID: 0}
    - target: {fileID: 5890603087644389572, guid: bdb91b1d0a11a2649a3b7b83c7cfd46c,
        type: 3}
      propertyPath: m_LocalEulerAnglesHint.z
      value: 0
      objectReference: {fileID: 0}
    m_RemovedComponents: []
  m_SourcePrefab: {fileID: 100100000, guid: bdb91b1d0a11a2649a3b7b83c7cfd46c, type: 3}
--- !u!4 &1869342437 stripped
Transform:
  m_CorrespondingSourceObject: {fileID: 5890603087644389572, guid: bdb91b1d0a11a2649a3b7b83c7cfd46c,
    type: 3}
  m_PrefabInstance: {fileID: 1869342436}
  m_PrefabAsset: {fileID: 0}
--- !u!1 &1955418583
GameObject:
  m_ObjectHideFlags: 0
  m_CorrespondingSourceObject: {fileID: 0}
  m_PrefabInstance: {fileID: 0}
  m_PrefabAsset: {fileID: 0}
  serializedVersion: 6
  m_Component:
  - component: {fileID: 1955418587}
  - component: {fileID: 1955418586}
  - component: {fileID: 1955418585}
  - component: {fileID: 1955418584}
  m_Layer: 10
  m_Name: Floor
  m_TagString: Untagged
  m_Icon: {fileID: 0}
  m_NavMeshLayer: 0
  m_StaticEditorFlags: 0
  m_IsActive: 1
--- !u!64 &1955418584
MeshCollider:
  m_ObjectHideFlags: 0
  m_CorrespondingSourceObject: {fileID: 0}
  m_PrefabInstance: {fileID: 0}
  m_PrefabAsset: {fileID: 0}
  m_GameObject: {fileID: 1955418583}
  m_Material: {fileID: 0}
  m_IsTrigger: 0
  m_Enabled: 1
  serializedVersion: 4
  m_Convex: 0
  m_CookingOptions: 30
  m_Mesh: {fileID: 10209, guid: 0000000000000000e000000000000000, type: 0}
--- !u!23 &1955418585
MeshRenderer:
  m_ObjectHideFlags: 0
  m_CorrespondingSourceObject: {fileID: 0}
  m_PrefabInstance: {fileID: 0}
  m_PrefabAsset: {fileID: 0}
  m_GameObject: {fileID: 1955418583}
  m_Enabled: 1
  m_CastShadows: 1
  m_ReceiveShadows: 1
  m_DynamicOccludee: 1
  m_MotionVectors: 1
  m_LightProbeUsage: 1
  m_ReflectionProbeUsage: 1
  m_RayTracingMode: 2
  m_RenderingLayerMask: 1
  m_RendererPriority: 0
  m_Materials:
  - {fileID: 2100000, guid: 31321ba15b8f8eb4c954353edc038b1d, type: 2}
  m_StaticBatchInfo:
    firstSubMesh: 0
    subMeshCount: 0
  m_StaticBatchRoot: {fileID: 0}
  m_ProbeAnchor: {fileID: 0}
  m_LightProbeVolumeOverride: {fileID: 0}
  m_ScaleInLightmap: 1
  m_ReceiveGI: 1
  m_PreserveUVs: 0
  m_IgnoreNormalsForChartDetection: 0
  m_ImportantGI: 0
  m_StitchLightmapSeams: 1
  m_SelectedEditorRenderState: 3
  m_MinimumChartSize: 4
  m_AutoUVMaxDistance: 0.5
  m_AutoUVMaxAngle: 89
  m_LightmapParameters: {fileID: 0}
  m_SortingLayerID: 0
  m_SortingLayer: 0
  m_SortingOrder: 0
--- !u!33 &1955418586
MeshFilter:
  m_ObjectHideFlags: 0
  m_CorrespondingSourceObject: {fileID: 0}
  m_PrefabInstance: {fileID: 0}
  m_PrefabAsset: {fileID: 0}
  m_GameObject: {fileID: 1955418583}
  m_Mesh: {fileID: 10209, guid: 0000000000000000e000000000000000, type: 0}
--- !u!4 &1955418587
Transform:
  m_ObjectHideFlags: 0
  m_CorrespondingSourceObject: {fileID: 0}
  m_PrefabInstance: {fileID: 0}
  m_PrefabAsset: {fileID: 0}
  m_GameObject: {fileID: 1955418583}
  m_LocalRotation: {x: -0, y: -0, z: -0, w: 1}
  m_LocalPosition: {x: -2.294262, y: 7.656046, z: 1.5782757}
  m_LocalScale: {x: 10, y: 1, z: 10}
  m_Children: []
  m_Father: {fileID: 1327333481}
  m_RootOrder: 0
  m_LocalEulerAnglesHint: {x: 0, y: 0, z: 0}
--- !u!4 &1985384592 stripped
Transform:
  m_CorrespondingSourceObject: {fileID: 5890603087644389572, guid: ae32fbe11ce304742a5c8c0867fadccb,
    type: 3}
  m_PrefabInstance: {fileID: 1284197696}
  m_PrefabAsset: {fileID: 0}
--- !u!114 &1985384593 stripped
MonoBehaviour:
  m_CorrespondingSourceObject: {fileID: 488527534403553010, guid: ae32fbe11ce304742a5c8c0867fadccb,
    type: 3}
  m_PrefabInstance: {fileID: 1284197696}
  m_PrefabAsset: {fileID: 0}
  m_GameObject: {fileID: 0}
  m_Enabled: 1
  m_EditorHideFlags: 0
  m_Script: {fileID: 11500000, guid: 0a3193998a8cc754d914100dd6a66ffc, type: 3}
  m_Name: 
  m_EditorClassIdentifier: 
--- !u!1 &1991543612
GameObject:
  m_ObjectHideFlags: 0
  m_CorrespondingSourceObject: {fileID: 0}
  m_PrefabInstance: {fileID: 0}
  m_PrefabAsset: {fileID: 0}
  serializedVersion: 6
  m_Component:
  - component: {fileID: 1991543613}
  - component: {fileID: 1991543614}
  m_Layer: 5
  m_Name: InteractionUIPanel
  m_TagString: Untagged
  m_Icon: {fileID: 0}
  m_NavMeshLayer: 0
  m_StaticEditorFlags: 0
  m_IsActive: 1
--- !u!224 &1991543613
RectTransform:
  m_ObjectHideFlags: 0
  m_CorrespondingSourceObject: {fileID: 0}
  m_PrefabInstance: {fileID: 0}
  m_PrefabAsset: {fileID: 0}
  m_GameObject: {fileID: 1991543612}
  m_LocalRotation: {x: 0, y: 0, z: 0, w: 1}
  m_LocalPosition: {x: 0, y: 0, z: 0}
  m_LocalScale: {x: 1, y: 1, z: 1}
  m_Children:
  - {fileID: 409994855}
  m_Father: {fileID: 509280238}
  m_RootOrder: 1
  m_LocalEulerAnglesHint: {x: 0, y: 0, z: 0}
  m_AnchorMin: {x: 0, y: 0}
  m_AnchorMax: {x: 1, y: 1}
  m_AnchoredPosition: {x: 0, y: 0}
  m_SizeDelta: {x: 0, y: 0}
  m_Pivot: {x: 0.5, y: 0.5}
--- !u!114 &1991543614
MonoBehaviour:
  m_ObjectHideFlags: 0
  m_CorrespondingSourceObject: {fileID: 0}
  m_PrefabInstance: {fileID: 0}
  m_PrefabAsset: {fileID: 0}
  m_GameObject: {fileID: 1991543612}
  m_Enabled: 1
  m_EditorHideFlags: 0
  m_Script: {fileID: 11500000, guid: b239ba43ad6d9024395a8dcd8917cc3c, type: 3}
  m_Name: 
  m_EditorClassIdentifier: 
  progressBar: {fileID: 409994856}
  tooltipText: {fileID: 744753898}
--- !u!1 &2138677391
GameObject:
  m_ObjectHideFlags: 0
  m_CorrespondingSourceObject: {fileID: 0}
  m_PrefabInstance: {fileID: 0}
  m_PrefabAsset: {fileID: 0}
  serializedVersion: 6
  m_Component:
  - component: {fileID: 2138677393}
  - component: {fileID: 2138677392}
  m_Layer: 0
  m_Name: Directional Light
  m_TagString: Untagged
  m_Icon: {fileID: 0}
  m_NavMeshLayer: 0
  m_StaticEditorFlags: 0
  m_IsActive: 1
--- !u!108 &2138677392
Light:
  m_ObjectHideFlags: 0
  m_CorrespondingSourceObject: {fileID: 0}
  m_PrefabInstance: {fileID: 0}
  m_PrefabAsset: {fileID: 0}
  m_GameObject: {fileID: 2138677391}
  m_Enabled: 1
  serializedVersion: 10
  m_Type: 1
  m_Shape: 0
  m_Color: {r: 1, g: 0.95686275, b: 0.8392157, a: 1}
  m_Intensity: 2
  m_Range: 10
  m_SpotAngle: 30
  m_InnerSpotAngle: 21.802082
  m_CookieSize: 10
  m_Shadows:
    m_Type: 2
    m_Resolution: -1
    m_CustomResolution: -1
    m_Strength: 1
    m_Bias: 0.02
    m_NormalBias: 0.1
    m_NearPlane: 0.1
    m_CullingMatrixOverride:
      e00: 1
      e01: 0
      e02: 0
      e03: 0
      e10: 0
      e11: 1
      e12: 0
      e13: 0
      e20: 0
      e21: 0
      e22: 1
      e23: 0
      e30: 0
      e31: 0
      e32: 0
      e33: 1
    m_UseCullingMatrixOverride: 0
  m_Cookie: {fileID: 0}
  m_DrawHalo: 0
  m_Flare: {fileID: 0}
  m_RenderMode: 0
  m_CullingMask:
    serializedVersion: 2
    m_Bits: 4294967295
  m_RenderingLayerMask: 1
  m_Lightmapping: 4
  m_LightShadowCasterMode: 0
  m_AreaSize: {x: 1, y: 1}
  m_BounceIntensity: 1
  m_ColorTemperature: 6570
  m_UseColorTemperature: 0
  m_BoundingSphereOverride: {x: 0, y: 0, z: 0, w: 0}
  m_UseBoundingSphereOverride: 0
  m_ShadowRadius: 0
  m_ShadowAngle: 0
--- !u!4 &2138677393
Transform:
  m_ObjectHideFlags: 0
  m_CorrespondingSourceObject: {fileID: 0}
  m_PrefabInstance: {fileID: 0}
  m_PrefabAsset: {fileID: 0}
  m_GameObject: {fileID: 2138677391}
  m_LocalRotation: {x: 0.7064338, y: 0.47771442, z: 0.030843567, w: 0.5213338}
  m_LocalPosition: {x: 0.24, y: 3, z: 4.18}
  m_LocalScale: {x: 1, y: 1, z: 1}
  m_Children: []
  m_Father: {fileID: 0}
  m_RootOrder: 1
  m_LocalEulerAnglesHint: {x: 45, y: 130, z: 90}
--- !u!4 &543450652809798338 stripped
Transform:
  m_CorrespondingSourceObject: {fileID: 7755146409201508517, guid: 3de6f2f843a136f41b4d584736d6cf8d,
    type: 3}
  m_PrefabInstance: {fileID: 7788247607372186215}
  m_PrefabAsset: {fileID: 0}
--- !u!1001 &1387930718728677319
PrefabInstance:
  m_ObjectHideFlags: 0
  serializedVersion: 2
  m_Modification:
    m_TransformParent: {fileID: 1327333481}
    m_Modifications:
    - target: {fileID: 1387930719463715299, guid: abeed018654eb9d4b912c682ed440ae4,
        type: 3}
      propertyPath: interactionTeleportableObject
      value: 
      objectReference: {fileID: 836369413}
    - target: {fileID: 1387930719463715299, guid: abeed018654eb9d4b912c682ed440ae4,
        type: 3}
      propertyPath: cupWithSnow
      value: 
      objectReference: {fileID: 836369413}
    - target: {fileID: 4254173179722822970, guid: abeed018654eb9d4b912c682ed440ae4,
        type: 3}
      propertyPath: MinDistance
      value: 5.363877
      objectReference: {fileID: 0}
    - target: {fileID: 4254173179722822970, guid: abeed018654eb9d4b912c682ed440ae4,
        type: 3}
      propertyPath: m_Volume
      value: 1
      objectReference: {fileID: 0}
    - target: {fileID: 4254173179722822970, guid: abeed018654eb9d4b912c682ed440ae4,
        type: 3}
      propertyPath: Priority
      value: 174
      objectReference: {fileID: 0}
    - target: {fileID: 4254173179722822970, guid: abeed018654eb9d4b912c682ed440ae4,
        type: 3}
      propertyPath: m_PlayOnAwake
      value: 0
      objectReference: {fileID: 0}
    - target: {fileID: 8863911961434671201, guid: abeed018654eb9d4b912c682ed440ae4,
        type: 3}
      propertyPath: m_Name
      value: InteractableSnow
      objectReference: {fileID: 0}
    - target: {fileID: 8863911961434671206, guid: abeed018654eb9d4b912c682ed440ae4,
        type: 3}
      propertyPath: m_LocalPosition.x
      value: -4.46
      objectReference: {fileID: 0}
    - target: {fileID: 8863911961434671206, guid: abeed018654eb9d4b912c682ed440ae4,
        type: 3}
      propertyPath: m_LocalPosition.y
      value: 8.79
      objectReference: {fileID: 0}
    - target: {fileID: 8863911961434671206, guid: abeed018654eb9d4b912c682ed440ae4,
        type: 3}
      propertyPath: m_LocalPosition.z
      value: 5.71
      objectReference: {fileID: 0}
    - target: {fileID: 8863911961434671206, guid: abeed018654eb9d4b912c682ed440ae4,
        type: 3}
      propertyPath: m_LocalRotation.x
      value: -0
      objectReference: {fileID: 0}
    - target: {fileID: 8863911961434671206, guid: abeed018654eb9d4b912c682ed440ae4,
        type: 3}
      propertyPath: m_LocalRotation.y
      value: -0
      objectReference: {fileID: 0}
    - target: {fileID: 8863911961434671206, guid: abeed018654eb9d4b912c682ed440ae4,
        type: 3}
      propertyPath: m_LocalRotation.z
      value: -0
      objectReference: {fileID: 0}
    - target: {fileID: 8863911961434671206, guid: abeed018654eb9d4b912c682ed440ae4,
        type: 3}
      propertyPath: m_LocalRotation.w
      value: 1
      objectReference: {fileID: 0}
    - target: {fileID: 8863911961434671206, guid: abeed018654eb9d4b912c682ed440ae4,
        type: 3}
      propertyPath: m_RootOrder
      value: 7
      objectReference: {fileID: 0}
    - target: {fileID: 8863911961434671206, guid: abeed018654eb9d4b912c682ed440ae4,
        type: 3}
      propertyPath: m_LocalEulerAnglesHint.x
      value: 0
      objectReference: {fileID: 0}
    - target: {fileID: 8863911961434671206, guid: abeed018654eb9d4b912c682ed440ae4,
        type: 3}
      propertyPath: m_LocalEulerAnglesHint.y
      value: 0
      objectReference: {fileID: 0}
    - target: {fileID: 8863911961434671206, guid: abeed018654eb9d4b912c682ed440ae4,
        type: 3}
      propertyPath: m_LocalEulerAnglesHint.z
      value: 0
      objectReference: {fileID: 0}
    m_RemovedComponents: []
  m_SourcePrefab: {fileID: 100100000, guid: abeed018654eb9d4b912c682ed440ae4, type: 3}
--- !u!1001 &3124338394470996616
PrefabInstance:
  m_ObjectHideFlags: 0
  serializedVersion: 2
  m_Modification:
    m_TransformParent: {fileID: 0}
    m_Modifications:
    - target: {fileID: 2949367924656992215, guid: d9d37bced4704234f91780f46123d89c,
        type: 3}
      propertyPath: m_Volume
      value: 0.724
      objectReference: {fileID: 0}
    - target: {fileID: 3124338393419082666, guid: d9d37bced4704234f91780f46123d89c,
        type: 3}
      propertyPath: m_Name
      value: First Person Player
      objectReference: {fileID: 0}
    - target: {fileID: 3124338393419082668, guid: d9d37bced4704234f91780f46123d89c,
        type: 3}
      propertyPath: m_LocalPosition.x
      value: -1.82
      objectReference: {fileID: 0}
    - target: {fileID: 3124338393419082668, guid: d9d37bced4704234f91780f46123d89c,
        type: 3}
      propertyPath: m_LocalPosition.y
      value: 2.24
      objectReference: {fileID: 0}
    - target: {fileID: 3124338393419082668, guid: d9d37bced4704234f91780f46123d89c,
        type: 3}
      propertyPath: m_LocalPosition.z
      value: -5.82
      objectReference: {fileID: 0}
    - target: {fileID: 3124338393419082668, guid: d9d37bced4704234f91780f46123d89c,
        type: 3}
      propertyPath: m_LocalRotation.x
      value: 0
      objectReference: {fileID: 0}
    - target: {fileID: 3124338393419082668, guid: d9d37bced4704234f91780f46123d89c,
        type: 3}
      propertyPath: m_LocalRotation.y
      value: 0
      objectReference: {fileID: 0}
    - target: {fileID: 3124338393419082668, guid: d9d37bced4704234f91780f46123d89c,
        type: 3}
      propertyPath: m_LocalRotation.z
      value: 0
      objectReference: {fileID: 0}
    - target: {fileID: 3124338393419082668, guid: d9d37bced4704234f91780f46123d89c,
        type: 3}
      propertyPath: m_LocalRotation.w
      value: 1
      objectReference: {fileID: 0}
    - target: {fileID: 3124338393419082668, guid: d9d37bced4704234f91780f46123d89c,
        type: 3}
      propertyPath: m_RootOrder
      value: 2
      objectReference: {fileID: 0}
    - target: {fileID: 3124338393419082668, guid: d9d37bced4704234f91780f46123d89c,
        type: 3}
      propertyPath: m_LocalEulerAnglesHint.x
      value: 0
      objectReference: {fileID: 0}
    - target: {fileID: 3124338393419082668, guid: d9d37bced4704234f91780f46123d89c,
        type: 3}
      propertyPath: m_LocalEulerAnglesHint.y
      value: 0
      objectReference: {fileID: 0}
    - target: {fileID: 3124338393419082668, guid: d9d37bced4704234f91780f46123d89c,
        type: 3}
      propertyPath: m_LocalEulerAnglesHint.z
      value: 0
      objectReference: {fileID: 0}
    - target: {fileID: 3124338394470996622, guid: d9d37bced4704234f91780f46123d89c,
        type: 3}
      propertyPath: uiPanel
      value: 
      objectReference: {fileID: 1991543614}
    - target: {fileID: 3280863236209257108, guid: d9d37bced4704234f91780f46123d89c,
        type: 3}
      propertyPath: clipboard
      value: 
      objectReference: {fileID: 8617995580653819936}
    - target: {fileID: 9094648339828147381, guid: d9d37bced4704234f91780f46123d89c,
        type: 3}
      propertyPath: emptyCup
      value: 
      objectReference: {fileID: 1985384593}
    - target: {fileID: 9094648339828147381, guid: d9d37bced4704234f91780f46123d89c,
        type: 3}
      propertyPath: waterCup
      value: 
      objectReference: {fileID: 311455558}
    m_RemovedComponents: []
  m_SourcePrefab: {fileID: 100100000, guid: d9d37bced4704234f91780f46123d89c, type: 3}
--- !u!1001 &3970259234289279496
PrefabInstance:
  m_ObjectHideFlags: 0
  serializedVersion: 2
  m_Modification:
    m_TransformParent: {fileID: 1327333481}
    m_Modifications:
    - target: {fileID: 3970259233341921850, guid: 216f90d853208f5409453fab8b474cc8,
        type: 3}
      propertyPath: interactionTeleportableObject
      value: 
      objectReference: {fileID: 1985384593}
    - target: {fileID: 6870569888722876145, guid: 216f90d853208f5409453fab8b474cc8,
        type: 3}
      propertyPath: m_LocalPosition.x
      value: -6.343
      objectReference: {fileID: 0}
    - target: {fileID: 6870569888722876145, guid: 216f90d853208f5409453fab8b474cc8,
        type: 3}
      propertyPath: m_LocalPosition.y
      value: 10.19
      objectReference: {fileID: 0}
    - target: {fileID: 6870569888722876145, guid: 216f90d853208f5409453fab8b474cc8,
        type: 3}
      propertyPath: m_LocalPosition.z
      value: 7.68
      objectReference: {fileID: 0}
    - target: {fileID: 6870569888722876145, guid: 216f90d853208f5409453fab8b474cc8,
        type: 3}
      propertyPath: m_LocalRotation.x
      value: -0
      objectReference: {fileID: 0}
    - target: {fileID: 6870569888722876145, guid: 216f90d853208f5409453fab8b474cc8,
        type: 3}
      propertyPath: m_LocalRotation.y
      value: -0
      objectReference: {fileID: 0}
    - target: {fileID: 6870569888722876145, guid: 216f90d853208f5409453fab8b474cc8,
        type: 3}
      propertyPath: m_LocalRotation.z
      value: -0
      objectReference: {fileID: 0}
    - target: {fileID: 6870569888722876145, guid: 216f90d853208f5409453fab8b474cc8,
        type: 3}
      propertyPath: m_LocalRotation.w
      value: 1
      objectReference: {fileID: 0}
    - target: {fileID: 6870569888722876145, guid: 216f90d853208f5409453fab8b474cc8,
        type: 3}
      propertyPath: m_RootOrder
      value: 6
      objectReference: {fileID: 0}
    - target: {fileID: 6870569888722876145, guid: 216f90d853208f5409453fab8b474cc8,
        type: 3}
      propertyPath: m_LocalEulerAnglesHint.x
      value: 0
      objectReference: {fileID: 0}
    - target: {fileID: 6870569888722876145, guid: 216f90d853208f5409453fab8b474cc8,
        type: 3}
      propertyPath: m_LocalEulerAnglesHint.y
      value: 0
      objectReference: {fileID: 0}
    - target: {fileID: 6870569888722876145, guid: 216f90d853208f5409453fab8b474cc8,
        type: 3}
      propertyPath: m_LocalEulerAnglesHint.z
      value: 0
      objectReference: {fileID: 0}
    - target: {fileID: 6870569888722876150, guid: 216f90d853208f5409453fab8b474cc8,
        type: 3}
      propertyPath: m_Name
      value: InteractableCup
      objectReference: {fileID: 0}
    m_RemovedComponents: []
  m_SourcePrefab: {fileID: 100100000, guid: 216f90d853208f5409453fab8b474cc8, type: 3}
--- !u!4 &4301607635607965481 stripped
Transform:
  m_CorrespondingSourceObject: {fileID: 7512034233098919746, guid: 6448477be089c4f4691f9028bd55c7cc,
    type: 3}
  m_PrefabInstance: {fileID: 6049031455158964331}
  m_PrefabAsset: {fileID: 0}
--- !u!1001 &6049031455158964331
PrefabInstance:
  m_ObjectHideFlags: 0
  serializedVersion: 2
  m_Modification:
    m_TransformParent: {fileID: 1327333481}
    m_Modifications:
    - target: {fileID: 3991797650708161120, guid: 6448477be089c4f4691f9028bd55c7cc,
        type: 3}
      propertyPath: interactionTeleportableObject
      value: 
      objectReference: {fileID: 0}
    - target: {fileID: 3991797650708161120, guid: 6448477be089c4f4691f9028bd55c7cc,
        type: 3}
      propertyPath: kashaBox
      value: 
      objectReference: {fileID: 6993748}
    - target: {fileID: 7512034233098919746, guid: 6448477be089c4f4691f9028bd55c7cc,
        type: 3}
      propertyPath: m_LocalPosition.x
      value: -7.766
      objectReference: {fileID: 0}
    - target: {fileID: 7512034233098919746, guid: 6448477be089c4f4691f9028bd55c7cc,
        type: 3}
      propertyPath: m_LocalPosition.y
      value: 10.19
      objectReference: {fileID: 0}
    - target: {fileID: 7512034233098919746, guid: 6448477be089c4f4691f9028bd55c7cc,
        type: 3}
      propertyPath: m_LocalPosition.z
      value: 7.68
      objectReference: {fileID: 0}
    - target: {fileID: 7512034233098919746, guid: 6448477be089c4f4691f9028bd55c7cc,
        type: 3}
      propertyPath: m_LocalRotation.x
      value: -0
      objectReference: {fileID: 0}
    - target: {fileID: 7512034233098919746, guid: 6448477be089c4f4691f9028bd55c7cc,
        type: 3}
      propertyPath: m_LocalRotation.y
      value: -0
      objectReference: {fileID: 0}
    - target: {fileID: 7512034233098919746, guid: 6448477be089c4f4691f9028bd55c7cc,
        type: 3}
      propertyPath: m_LocalRotation.z
      value: -0
      objectReference: {fileID: 0}
    - target: {fileID: 7512034233098919746, guid: 6448477be089c4f4691f9028bd55c7cc,
        type: 3}
      propertyPath: m_LocalRotation.w
      value: 1
      objectReference: {fileID: 0}
    - target: {fileID: 7512034233098919746, guid: 6448477be089c4f4691f9028bd55c7cc,
        type: 3}
      propertyPath: m_RootOrder
      value: 5
      objectReference: {fileID: 0}
    - target: {fileID: 7512034233098919746, guid: 6448477be089c4f4691f9028bd55c7cc,
        type: 3}
      propertyPath: m_LocalEulerAnglesHint.x
      value: 0
      objectReference: {fileID: 0}
    - target: {fileID: 7512034233098919746, guid: 6448477be089c4f4691f9028bd55c7cc,
        type: 3}
      propertyPath: m_LocalEulerAnglesHint.y
      value: 0
      objectReference: {fileID: 0}
    - target: {fileID: 7512034233098919746, guid: 6448477be089c4f4691f9028bd55c7cc,
        type: 3}
      propertyPath: m_LocalEulerAnglesHint.z
      value: 0
      objectReference: {fileID: 0}
    - target: {fileID: 7512034233098919749, guid: 6448477be089c4f4691f9028bd55c7cc,
        type: 3}
      propertyPath: m_Name
      value: InteractableKasha
      objectReference: {fileID: 0}
    m_RemovedComponents: []
  m_SourcePrefab: {fileID: 100100000, guid: 6448477be089c4f4691f9028bd55c7cc, type: 3}
--- !u!1001 &6630773116567766619
PrefabInstance:
  m_ObjectHideFlags: 0
  serializedVersion: 2
  m_Modification:
    m_TransformParent: {fileID: 1327333481}
    m_Modifications:
    - target: {fileID: 2007019241541913264, guid: 9453196ce50b3e145b54bad25c585acc,
        type: 3}
      propertyPath: m_LocalPosition.x
      value: -9.15
      objectReference: {fileID: 0}
    - target: {fileID: 2007019241541913264, guid: 9453196ce50b3e145b54bad25c585acc,
        type: 3}
      propertyPath: m_LocalPosition.y
      value: 9.94
      objectReference: {fileID: 0}
    - target: {fileID: 2007019241541913264, guid: 9453196ce50b3e145b54bad25c585acc,
        type: 3}
      propertyPath: m_LocalPosition.z
      value: 7.64
      objectReference: {fileID: 0}
    - target: {fileID: 2007019241541913264, guid: 9453196ce50b3e145b54bad25c585acc,
        type: 3}
      propertyPath: m_LocalRotation.x
      value: -0
      objectReference: {fileID: 0}
    - target: {fileID: 2007019241541913264, guid: 9453196ce50b3e145b54bad25c585acc,
        type: 3}
      propertyPath: m_LocalRotation.y
      value: -0
      objectReference: {fileID: 0}
    - target: {fileID: 2007019241541913264, guid: 9453196ce50b3e145b54bad25c585acc,
        type: 3}
      propertyPath: m_LocalRotation.z
      value: -0
      objectReference: {fileID: 0}
    - target: {fileID: 2007019241541913264, guid: 9453196ce50b3e145b54bad25c585acc,
        type: 3}
      propertyPath: m_LocalRotation.w
      value: 1
      objectReference: {fileID: 0}
    - target: {fileID: 2007019241541913264, guid: 9453196ce50b3e145b54bad25c585acc,
        type: 3}
      propertyPath: m_RootOrder
      value: 4
      objectReference: {fileID: 0}
    - target: {fileID: 2007019241541913264, guid: 9453196ce50b3e145b54bad25c585acc,
        type: 3}
      propertyPath: m_LocalEulerAnglesHint.x
      value: 0
      objectReference: {fileID: 0}
    - target: {fileID: 2007019241541913264, guid: 9453196ce50b3e145b54bad25c585acc,
        type: 3}
      propertyPath: m_LocalEulerAnglesHint.y
      value: 0
      objectReference: {fileID: 0}
    - target: {fileID: 2007019241541913264, guid: 9453196ce50b3e145b54bad25c585acc,
        type: 3}
      propertyPath: m_LocalEulerAnglesHint.z
      value: 0
      objectReference: {fileID: 0}
    - target: {fileID: 5767923514245040198, guid: 9453196ce50b3e145b54bad25c585acc,
        type: 3}
      propertyPath: m_PlayOnAwake
      value: 0
      objectReference: {fileID: 0}
    - target: {fileID: 5767923514245040198, guid: 9453196ce50b3e145b54bad25c585acc,
        type: 3}
      propertyPath: m_Volume
      value: 0.555
      objectReference: {fileID: 0}
    - target: {fileID: 6666238154733977844, guid: 9453196ce50b3e145b54bad25c585acc,
        type: 3}
      propertyPath: m_Name
      value: InteractableDoor
      objectReference: {fileID: 0}
    m_RemovedComponents: []
  m_SourcePrefab: {fileID: 100100000, guid: 9453196ce50b3e145b54bad25c585acc, type: 3}
--- !u!4 &7512034232686122233 stripped
Transform:
  m_CorrespondingSourceObject: {fileID: 6870569888722876145, guid: 216f90d853208f5409453fab8b474cc8,
    type: 3}
  m_PrefabInstance: {fileID: 3970259234289279496}
  m_PrefabAsset: {fileID: 0}
--- !u!4 &7512034233880850337 stripped
Transform:
  m_CorrespondingSourceObject: {fileID: 8863911961434671206, guid: abeed018654eb9d4b912c682ed440ae4,
    type: 3}
  m_PrefabInstance: {fileID: 1387930718728677319}
  m_PrefabAsset: {fileID: 0}
--- !u!4 &7512034234548813478 stripped
Transform:
  m_CorrespondingSourceObject: {fileID: 1672831823899651661, guid: a2492eac48a8de04381664126b676fc1,
    type: 3}
  m_PrefabInstance: {fileID: 9184824240214053099}
  m_PrefabAsset: {fileID: 0}
--- !u!1001 &7788247607372186215
PrefabInstance:
  m_ObjectHideFlags: 0
  serializedVersion: 2
  m_Modification:
    m_TransformParent: {fileID: 1481670924}
    m_Modifications:
    - target: {fileID: 6977201991393638943, guid: 3de6f2f843a136f41b4d584736d6cf8d,
        type: 3}
      propertyPath: m_Name
      value: Clipboard
      objectReference: {fileID: 0}
    - target: {fileID: 7755146409201508517, guid: 3de6f2f843a136f41b4d584736d6cf8d,
        type: 3}
      propertyPath: m_LocalPosition.x
      value: -0
      objectReference: {fileID: 0}
    - target: {fileID: 7755146409201508517, guid: 3de6f2f843a136f41b4d584736d6cf8d,
        type: 3}
      propertyPath: m_LocalPosition.y
      value: 0
      objectReference: {fileID: 0}
    - target: {fileID: 7755146409201508517, guid: 3de6f2f843a136f41b4d584736d6cf8d,
        type: 3}
      propertyPath: m_LocalPosition.z
      value: 0
      objectReference: {fileID: 0}
    - target: {fileID: 7755146409201508517, guid: 3de6f2f843a136f41b4d584736d6cf8d,
        type: 3}
      propertyPath: m_LocalRotation.x
      value: 0
      objectReference: {fileID: 0}
    - target: {fileID: 7755146409201508517, guid: 3de6f2f843a136f41b4d584736d6cf8d,
        type: 3}
      propertyPath: m_LocalRotation.y
      value: -0
      objectReference: {fileID: 0}
    - target: {fileID: 7755146409201508517, guid: 3de6f2f843a136f41b4d584736d6cf8d,
        type: 3}
      propertyPath: m_LocalRotation.z
      value: -0
      objectReference: {fileID: 0}
    - target: {fileID: 7755146409201508517, guid: 3de6f2f843a136f41b4d584736d6cf8d,
        type: 3}
      propertyPath: m_LocalRotation.w
      value: 1
      objectReference: {fileID: 0}
    - target: {fileID: 7755146409201508517, guid: 3de6f2f843a136f41b4d584736d6cf8d,
        type: 3}
      propertyPath: m_RootOrder
      value: 3
      objectReference: {fileID: 0}
    - target: {fileID: 7755146409201508517, guid: 3de6f2f843a136f41b4d584736d6cf8d,
        type: 3}
      propertyPath: m_LocalEulerAnglesHint.x
      value: 0
      objectReference: {fileID: 0}
    - target: {fileID: 7755146409201508517, guid: 3de6f2f843a136f41b4d584736d6cf8d,
        type: 3}
      propertyPath: m_LocalEulerAnglesHint.y
      value: 0
      objectReference: {fileID: 0}
    - target: {fileID: 7755146409201508517, guid: 3de6f2f843a136f41b4d584736d6cf8d,
        type: 3}
      propertyPath: m_LocalEulerAnglesHint.z
      value: 0
      objectReference: {fileID: 0}
    - target: {fileID: 7788247607074115619, guid: 3de6f2f843a136f41b4d584736d6cf8d,
        type: 3}
      propertyPath: m_Materials.Array.data[0]
      value: 
      objectReference: {fileID: 2180264, guid: 2e498d1c8094910479dc3e1b768306a4, type: 2}
    - target: {fileID: 7788247607074115621, guid: 3de6f2f843a136f41b4d584736d6cf8d,
        type: 3}
      propertyPath: m_fontAsset
      value: 
      objectReference: {fileID: 11400000, guid: 2e498d1c8094910479dc3e1b768306a4,
        type: 2}
    - target: {fileID: 7788247607074115621, guid: 3de6f2f843a136f41b4d584736d6cf8d,
        type: 3}
      propertyPath: m_sharedMaterial
      value: 
      objectReference: {fileID: 2180264, guid: 2e498d1c8094910479dc3e1b768306a4, type: 2}
    m_RemovedComponents: []
  m_SourcePrefab: {fileID: 100100000, guid: 3de6f2f843a136f41b4d584736d6cf8d, type: 3}
--- !u!114 &8617995580653819936 stripped
MonoBehaviour:
  m_CorrespondingSourceObject: {fileID: 1985010727382243911, guid: 3de6f2f843a136f41b4d584736d6cf8d,
    type: 3}
  m_PrefabInstance: {fileID: 7788247607372186215}
  m_PrefabAsset: {fileID: 0}
  m_GameObject: {fileID: 0}
  m_Enabled: 1
  m_EditorHideFlags: 0
  m_Script: {fileID: 11500000, guid: 0a3193998a8cc754d914100dd6a66ffc, type: 3}
  m_Name: 
  m_EditorClassIdentifier: 
--- !u!1001 &9184824240214053099
PrefabInstance:
  m_ObjectHideFlags: 0
  serializedVersion: 2
  m_Modification:
    m_TransformParent: {fileID: 1327333481}
    m_Modifications:
    - target: {fileID: 1672831823899651658, guid: a2492eac48a8de04381664126b676fc1,
        type: 3}
      propertyPath: m_Name
      value: InteractableGasStove
      objectReference: {fileID: 0}
    - target: {fileID: 1672831823899651661, guid: a2492eac48a8de04381664126b676fc1,
        type: 3}
      propertyPath: m_LocalPosition.x
      value: -6.57
      objectReference: {fileID: 0}
    - target: {fileID: 1672831823899651661, guid: a2492eac48a8de04381664126b676fc1,
        type: 3}
      propertyPath: m_LocalPosition.y
      value: 10.1
      objectReference: {fileID: 0}
    - target: {fileID: 1672831823899651661, guid: a2492eac48a8de04381664126b676fc1,
        type: 3}
      propertyPath: m_LocalPosition.z
      value: 3.716
      objectReference: {fileID: 0}
    - target: {fileID: 1672831823899651661, guid: a2492eac48a8de04381664126b676fc1,
        type: 3}
      propertyPath: m_LocalRotation.x
      value: -0
      objectReference: {fileID: 0}
    - target: {fileID: 1672831823899651661, guid: a2492eac48a8de04381664126b676fc1,
        type: 3}
      propertyPath: m_LocalRotation.y
      value: -0
      objectReference: {fileID: 0}
    - target: {fileID: 1672831823899651661, guid: a2492eac48a8de04381664126b676fc1,
        type: 3}
      propertyPath: m_LocalRotation.z
      value: -0
      objectReference: {fileID: 0}
    - target: {fileID: 1672831823899651661, guid: a2492eac48a8de04381664126b676fc1,
        type: 3}
      propertyPath: m_LocalRotation.w
      value: 1
      objectReference: {fileID: 0}
    - target: {fileID: 1672831823899651661, guid: a2492eac48a8de04381664126b676fc1,
        type: 3}
      propertyPath: m_RootOrder
      value: 8
      objectReference: {fileID: 0}
    - target: {fileID: 1672831823899651661, guid: a2492eac48a8de04381664126b676fc1,
        type: 3}
      propertyPath: m_LocalEulerAnglesHint.x
      value: 0
      objectReference: {fileID: 0}
    - target: {fileID: 1672831823899651661, guid: a2492eac48a8de04381664126b676fc1,
        type: 3}
      propertyPath: m_LocalEulerAnglesHint.y
      value: 0
      objectReference: {fileID: 0}
    - target: {fileID: 1672831823899651661, guid: a2492eac48a8de04381664126b676fc1,
        type: 3}
      propertyPath: m_LocalEulerAnglesHint.z
      value: 0
      objectReference: {fileID: 0}
    - target: {fileID: 9184824241005074944, guid: a2492eac48a8de04381664126b676fc1,
        type: 3}
      propertyPath: waterCup
      value: 
      objectReference: {fileID: 311455558}
    m_RemovedComponents: []
  m_SourcePrefab: {fileID: 100100000, guid: a2492eac48a8de04381664126b676fc1, type: 3}
--- !u!1 &9184824240214053100 stripped
GameObject:
  m_CorrespondingSourceObject: {fileID: 4627155032723148334, guid: a2492eac48a8de04381664126b676fc1,
    type: 3}
  m_PrefabInstance: {fileID: 9184824240214053099}
  m_PrefabAsset: {fileID: 0}
